2962 4912
765 320 829 396 108

1467 536 1479 601 i

1466 660 1471 684 l

165 694 214 758 καὶ
245 693 380 773 ἐλεύθερον
405 691 477 767 ἦσαν
500 692 533 756 τὸ
558 693 665 764 πλῆθος
688 692 711 754 οἱ
736 698 858 765 ναῦται,
890 689 1016 770 τοσούτῳ
1038 688 1088 754 καὶ
1112 689 1286 769 θρασύτατα
1307 708 1404 766 τροστε·
1466 690 1472 721 ³

210 574 316 659 Caput
340 573 383 637 84
407 573 472 656 §L
499 571 588 657 Vulg.
617 578 672 635 τῶν
695 572 771 651 χαρ
797 571 977 649 Συρακοσίων
1000 571 1049 634 καὶ
1074 569 1197 648 Θουρίων
1220 563 1275 646 δ’σιρ
1296 565 1404 644 μάλιστα

165 814 263 885 σοντες
293 811 341 876 τὸν
367 811 467 887 μισθὸν
490 812 631 892 ατητουν.
665 823 688 875 Β
713 809 742 874 δὲ
765 831 826 895 pro
848 812 917 891 γαρ.
954 808 988 877 Si
1012 808 1207 876 conferimus
1232 802 1406 883 Vallem,in
1464 801 1481 825 '³

166 932 255 998 ouius
289 928 555 1014 interpretatione
591 949 718 1014 quoque
753 930 843 996 deest
874 930 952 1014 γὰρ,
988 928 1187 1015 adducimur,
1219 932 1256 992 ut
1276 926 1302 991 B
1324 941 1406 990 seran
1464 903 1479 938 ²'

166 1049 331 1134 scriptoris
355 1069 485 1114 manum
509 1047 662 1133 praebere
678 1049 863 1129 credamus,
886 1047 1077 1134 praesertim
1094 1068 1187 1131 cum,
1210 1049 1247 1111 ut
1262 1044 1406 1111 Classenus
1465 1043 1473 1084 l

167 1170 318 1254 adnotat,
343 1176 417 1252 post
439 1168 548 1233 τοιόσδε
571 1168 765 1252 porticulum
784 1170 844 1248 ηοὶρ
860 1169 980 1235 addere
995 1171 1105 1234 noster
1121 1186 1188 1232 non
1203 1165 1314 1232 soleat.
1336 1157 1408 1226 Valla
1466 1140 1481 1197 ³

167 1288 251 1353 enim
283 1285 346 1353 sic:
381 1284 558 1366 „conflatus
589 1291 639 1352 est
669 1287 799 1371 quidam
830 1288 864 1352 in
897 1287 1091 1373 Astyochum
1114 1282 1272 1350 tumultus
1294 1276 1409 1346 huncin

167 1406 314 1473 modum:
352 1405 625 1491 Syracusanorum
652 1410 771 1472 nautae
795 1404 1090 1490 Thurinorumque,
1115 1423 1180 1488 quo
1203 1400 1332 1467 liberior
1351 1393 1410 1463 mul·
1479 1387 1481 1437 ¹

167 1525 271 1591 titudo
296 1529 382 1605 erat,
406 1523 555 1590 licentius
578 1523 755 1609 ingruentis
779 1523 973 1608 stipendium
996 1520 1239 1609 repoposcere''.
1363 1552 1366 1556 ·
1467 1524 1475 1535 '

213 1642 292 1733 ξὸ.
325 1643 416 1728 Vulg.
446 1643 470 1708 ei
502 1643 530 1706 dl
562 1644 698 1719 Μιλήσιον
731 1642 883 1724 ὠργίζοντό
912 1668 946 1709 τε
970 1643 1049 1722 αὐτῷ
1073 1642 1122 1708 καὶ
1146 1640 1206 1705 διὰ
1230 1643 1349 1705 ταῦτα
1366 1627 1410 1698 κο)
1468 1640 1478 1664 ¹³

169 1764 209 1828 δι’
245 1763 347 1828 ἄλλα
381 1762 592 1842 τοιουτότροπα.
626 1775 648 1827 Β
679 1761 736 1828 διὰ
768 1769 888 1829 ταῦτα
922 1761 984 1827 καὶ
1019 1760 1138 1846 ἄλλα,
1167 1760 1254 1845 quod
1277 1755 1413 1844 injuriet

170 1882 322 1949 Classeno
354 1885 518 1964 receptum
542 1902 612 1947 esse
635 1880 754 1966 probat
776 1881 1028 1950 Herwerdenus:
1065 1882 1135 1968 „uui
1158 1882 1244 1946 aare
1266 1877 1310 1955 B,
1331 1877 1414 1944 rau,

172 2002 199 2068 si
230 2000 318 2084 prius
350 2000 399 2064 aul
434 2000 578 2087 abesset,
611 2004 647 2066 ut
671 2000 731 2087 75,
758 2002 794 2088 1,
827 2002 882 2067 sed
914 2012 956 2068 ΔΙ
987 2000 1081 2068 facile
1104 1999 1232 2067 excedit
1253 2000 1327 2084 post
1346 1984 1415 2060 all’·
1471 2005 1481 2124 p

173 2119 322 2197 Accedit,
347 2125 383 2185 ut
406 2142 431 2186 c.
456 2120 497 2184 87
523 2121 578 2203 §1
605 2119 781 2186 Vaticanus
803 2119 889 2185 idem
912 2119 960 2184 aa
981 2117 1156 2184 iteraverit.
1202 2115 1291 2182 Nihil
1314 2116 1420 2180 cerus
1476 2125 1481 2213 ρ

175 2239 291 2305 Vallae
322 2237 587 2322 interpretatione
617 2237 720 2304 latina
751 2237 867 2304 deduci
890 2258 984 2323 posse
1007 2236 1172 2304 existimo:
1205 2233 1269 2321 „ob
1292 2233 1372 2299 haec
1388 2222 1424 2294 illi

177 2365 210 2425 et
233 2355 297 2423 alia
320 2355 502 2423 huiusmodi
526 2355 778 2424 succensentes?

221 2595 326 2679 eaput
349 2592 392 2658 85
424 2594 497 2673 §L
526 2592 616 2678 Vulg.
650 2592 717 2675 τρός
747 2611 781 2659 τε
812 2593 861 2658 τὸν
892 2591 1097 2674 Ἀστύοχον
1130 2589 1190 2656 καὶ
1222 2589 1283 2654 τὸν
1312 2596 1438 2653 Τνσσο·

176 2715 298 2796 φὲρνη.
333 2726 447 2778 Β....
471 2712 710 2793 Τισσαφέρνη
746 2710 806 2777 καὶ
842 2713 904 2776 τὸν
939 2712 1161 2795 Ἀστύοχον,
1194 2708 1245 2775 oui
1273 2707 1440 2774 assentitur

178 2831 290 2899 Valla:
329 2830 431 2911 „inter
466 2830 552 2914 ipsos
583 2829 897 2915 Tissaphernemque
933 2838 966 2898 et
1002 2826 1225 2916 Astyochum''.
1271 2829 1445 2895 Personam

177 2949 363 3036 primariam
388 2948 526 3033 priorem
549 2948 655 3015 locum
677 2948 822 3015 obtinere
844 2947 924 3015 nihil
946 2949 1108 3016 miramur.

224 3068 304 3134 Ibid.
328 3067 420 3152 Vulg.
445 3066 577 3148 διάδοχος
600 3077 653 3142 τῆς
677 3065 843 3148 Ἀστυόχου
868 3069 1084 3150 ναυαρχίας.
1107 3068 1134 3133 Β
1159 3068 1276 3134 iterum
1299 3085 1449 3152 peruerse

179 3186 362 3267 ναυμαχίας.
379 3184 419 3251 cf.
435 3205 461 3250 c.
477 3186 530 3250 20.
553 3184 647 3252 Valla
662 3191 766 3252 recte:
791 3187 1073 3274 „nauarchiaeque
1089 3185 1231 3271 suscepit
1244 3183 1451 3270 imperinm'’.

224 3305 249 3397 ξ
272 3308 303 3374 2.
328 3305 421 3390 Vulg.
445 3306 755 3384 κατηγορήσοντα.
774 3319 795 3371 Β
815 3306 1241 3386 κατηγορησανταίκΙεο,
1256 3310 1294 3372 ut
1311 3325 1452 3391 sequens

179 3423 432 3503 ἀπολογησόμενον
456 3423 560 3489 docet.
607 3422 701 3490 Valla
723 3429 826 3493 recte:
853 3431 941 3506 „tum
965 3426 1008 3492 ad
1034 3425 1284 3494 insimulandum
1307 3423 1453 3492 Milesio·

180 3570 251 3615 rum
276 3548 396 3614 iactum
512 3549 580 3610 tum
603 3544 646 3629 ad
670 3566 703 3612 se
726 3544 956 3631 purgandum''.

224 3666 305 3737 Ibid.
331 3665 422 3750 Vulg.
455 3665 501 3729 ἐπὶ
525 3664 664 3748 καταβοῇ
691 3674 728 3748 τῇ
752 3665 858 3742 αὐτοῦς
883 3664 910 3731 Β
934 3669 966 3732 et
988 3665 1064 3750 Reg.
1087 3667 1174 3731 recte
1197 3664 1313 3731 ἑαυτοῦ.
1338 3665 1452 3733 Valla:

183 3785 264 3866 „sui
288 3784 505 3852 succlamandi
527 3784 665 3870 gratia'’.

224 3901 301 3993 §d
333 3902 423 3987 Vulg.
455 3903 642 3986 Φυγόντος
673 3905 705 3968 ἐκ
738 3910 926 3985 Συρακουσῶν
949 3911 999 3970 τοῦ
1024 3903 1241 3984 Ἑρμοκράτους.
1278 3915 1299 3967 Β
1324 3901 1456 3986 διαφυ·

181 4024 329 4104 ydaros,
360 4019 445 4104 quod
469 4021 598 4088 uerbum
623 4022 662 4087 de
685 4022 894 4090 Hermocrato
918 4025 1010 4091 exule
1033 4023 1087 4108 (cf.
1110 4023 1191 4090 Xon.
1213 4022 1300 4090 Hell.
1328 4025 1359 4103 1,
1384 4023 1455 4109 27.)

181 4140 332 4226 usurpari
355 4161 419 4206 non
442 4147 559 4225 potest.
606 4140 715 4209 Valla:
742 4141 928 4228 „Syracusis
952 4142 1144 4211 extorrem‘’.

226 4259 308 4326 Ibid.
332 4260 423 4346 Vulg.
448 4262 462 4326 ὂ
485 4262 707 4343 Τισσαφέρνης,
734 4262 747 4327 ὂ
771 4263 890 4331 omittit
912 4262 958 4345 B,
981 4264 1016 4331 in
1039 4283 1103 4349 quo
1127 4269 1236 4332 tamen
1251 4263 1352 4350 paulo
1368 4263 1456 4332 infra

163 4386 258 4459 ,ante
280 4379 478 4465 Ἑρμοκράτης
504 4381 657 4451 articulus
681 4382 904 4475 desideretur;
926 4408 1040 4474 parum
1063 4387 1227 4459 concinne.
