3000 4920
720 298 764 366 36

111 536 220 621 opiuio
249 541 350 618 asset,
381 539 571 622 praesertim
600 539 634 603 in
665 559 771 606 rerum
803 537 993 605 descrimine
1016 537 1174 622 cogitasse
1198 537 1240 603 de
1262 536 1384 604 exerci-

112 655 250 723 tatione!
285 657 334 722 Ex
367 658 439 744 ipso
474 659 579 744 capite
603 659 760 745 septimo,
784 679 848 743 quo
871 658 931 724 riri
954 657 1041 724 docti
1065 656 1187 723 variam
1210 654 1380 722 lectionem

111 778 257 861 tuentur,
288 776 480 862 scripturam
503 797 612 844 veram
633 777 813 844 ούνεσαύονσο
837 781 995 842 mutatam
1018 794 1091 841 esse
1116 774 1223 842 credo.
1268 773 1403 855 Restat

110 898 162 971 ut,
186 895 213 961 si
236 894 373 979 scriptor
396 915 505 962 reuera
527 894 669 962 dedisset
690 897 894 977 ύνεσεοούνσο,
922 917 988 961 nou
1010 895 1206 981 perrexisset
1228 895 1328 970 instit
1350 876 1403 960 δύο

110 1014 205 1094 καιρὸς
228 1012 270 1095 ἦν,
293 1014 379 1098 quod
402 1014 465 1080 nisi
489 1013 529 1080 de
552 1020 696 1100 tempore
719 1014 869 1082 manibus
892 1014 1097 1082 conserendis
1119 1013 1256 1094 idoneo,
1279 978 1403 1107 nequel

111 1137 221 1200 tamen
252 1134 293 1201 de
323 1134 553 1202 exercitatione
583 1139 732 1220 peracta,
756 1138 866 1219 potest
888 1134 1003 1221 accipi.
1048 1134 1224 1202 Consilium
1248 1110 1403 1220 Syracu-¹

112 1272 263 1320 sanorum
297 1258 384 1319 crat:
420 1255 510 1319 αὐτοῦ
544 1257 580 1326 οῦς
615 1255 754 1334 noxiora
783 1254 834 1318 καὶ
858 1255 891 1319 ἐν
913 1249 935 1337 ᾧ
957 1254 1062 1338 σφῖσν
1086 1252 1264 1336 ξυμφέρει
1287 1259 1376 1331 ἀναγ-

111 1369 202 1436 κοῖσαν
225 1370 331 1444 αὐτοὺς
357 1378 525 1452 ναυμαχεῖν
550 1371 607 1457 (cf.
630 1369 654 1461 ἓ
680 1373 724 1458 1.)

156 1489 237 1556 Ibid.
268 1489 363 1576 Vulg.
398 1500 435 1574 τῇ
466 1492 520 1568 μὲν
551 1491 673 1572 σροσὲρςι
703 1493 771 1573 πρὸς
801 1492 842 1557 τοῦ
873 1491 961 1572 'frixa
992 1496 1048 1557 τοῖν
1080 1490 1128 1559 Ἀ.
1162 1491 1403 1637 rpmissahacap

112 1613 198 1676 recte
232 1614 268 1675 ut
300 1607 412 1675 Valla:
450 1609 573 1694 „primo
608 1610 660 1676 die
693 1608 736 1676 ad
767 1629 876 1676 muros
904 1609 1149 1678 Atheniensium
1181 1606 1403 1713 succedunt''.÷

113 1739 135 1792 Β
158 1737 195 1811 σῇ
226 1727 281 1805 μὲν
312 1729 522 1812 προνομαῖς,
553 1726 639 1812 quod
662 1747 727 1794 non
749 1726 898 1812 quadrat.
942 1727 1102 1814 Vulgatae
1124 1738 1163 1812 σῇ
1186 1729 1242 1807 μὲν
1264 1720 1403 1811 apochas

112 1847 132 1916 'a
156 1869 181 1915 e.
204 1849 336 1934 priore
359 1850 420 1916 die
442 1853 529 1916 recte
552 1848 726 1934 opponitur
747 1859 785 1932 σῇ
809 1849 947 1931 ὑστεραία
970 1849 990 1914 i.
1013 1869 1043 1916 e.
1066 1847 1295 1932 insequenti
1321 1848 1375 1914 die

114 1964 341 2056 ωωξῇ

44 2152 46 2155 ,
158 2087 240 2154 Ibid.
273 2085 365 2172 Vulg.
397 2086 480 2161 οὔσης
511 2086 540 2150 δὲ
571 2095 672 2162 σσενῆς
696 2095 749 2161 τοῖς
772 2086 908 2169 ε’Φύδου.
943 2085 1105 2152 Βὲσύδου
1131 2090 1237 2165 rect03
1263 2081 1379 2169 simui

109 2206 219 2287 fallor,
245 2205 341 2274 Valla
370 2226 498 2291 quoque
531 2203 769 2293 „ingressus”
800 2206 1041 2290 iuterpretatur.
1086 2203 1198 2273 Sermo
1226 2205 1311 2273 enim
1333 2205 1383 2273 est

112 2327 152 2394 de
174 2326 323 2412 ingressu
346 2324 395 2391 vel
417 2325 548 2392 introitu
570 2324 606 2390 iu
628 2323 872 2392 Atheniensium
895 2323 1097 2390 munitiones.

158 2565 265 2652 eaput
293 2567 336 2632 52
367 2563 391 2655 ἓ
420 2567 451 2630 2.
487 2564 578 2650 Vulg.
612 2562 774 2650 ε’ξούγονσα,
806 2577 828 2630 Β
860 2563 1064 2651 ε’σεξοῖγονσα,
1095 2563 1170 2632 libri
1200 2564 1389 2650 complures

113 2686 362 2771 ἕσεξαγογύνσα,
386 2705 469 2771 quae
490 2686 708 2770 praestantior
730 2684 826 2752 lectio
850 2705 920 2752 esse
945 2684 1077 2751 videtur.

157 2782 238 2873 Ibid.
262 2804 354 2891 Vulg.
377 2805 432 2877 τοῖς
455 2804 557 2877 σοῖσας
581 2809 650 2877 ναῦς
673 2803 744 2889 ἤδη,
770 2817 792 2869 Β
815 2804 872 2876 τοὶς
896 2803 998 2875 νεούσας
1022 2801 1072 2879 ἤδη
1096 2808 1177 2876 ναῦς.

76 3129 79 3135 ,
158 3045 264 3131 Caput
286 3045 329 3108 53
351 3041 377 3134 ξ
399 3045 430 3109 2.
454 3042 545 3128 Vulg.
577 3040 652 3110 οὗτοι
674 3045 734 3125 γοῦν
758 3043 927 3125 ἐφύλασσον
950 3049 1010 3116 τοῖς
1037 3041 1212 3127 Ἀθηναῖοις,
1242 3041 1269 3108 Β
1294 3037 1394 3109 addit

113 3166 209 3250 ταύσγ
232 3184 296 3249 quo
318 3164 493 3250 vocabulo,
522 3184 594 3232 cum
617 3165 740 3243 locum,
766 3164 821 3230 uhi
845 3163 1050 3231 excubabant
1073 3161 1220 3247 Etrusci,
1244 3160 1391 3232 indicet,

114 3305 179 3352 non
212 3305 322 3352 carere
356 3304 536 3370 possumus.
584 3282 735 3351 Vaticani
767 3282 841 3350 libri
871 3282 951 3350 fides
983 3286 1118 3368 augetur
1147 3280 1262 3348 Vallae
1294 3275 1395 3347 testi·

114 3403 235 3470 monio:
274 3402 358 3484 „illic
381 3403 464 3468 cnim
488 3403 650 3488 praesidio
673 3402 923 3472 Atheniensibus
946 3399 1104 3470 stabant''.

158 3528 179 3607 ξ
203 3524 234 3591 3.
266 3522 358 3608 Vulg.
388 3524 412 3588 oi
445 3524 585 3599 Ἀθηναῖοι
706 3526 763 3597 σύος
795 3531 865 3597 ναῦς
897 3523 952 3596 σοῖς
975 3523 1028 3600 μὲν
1051 3522 1167 3593 πολλοῖς
1190 3518 1328 3587 διέσωσαν
1349 3530 1397 3583 τε

113 3644 162 3711 καῖ
192 3641 360 3722 ξυνήγαγον
389 3641 470 3707 κατὰ
500 3643 532 3707 τὸ
557 3642 748 3721 σσοασύσεδον
771 3643 865 3710 δυοῖν
889 3642 923 3706 δὲ
946 3641 1094 3712 δεούσας
1118 3639 1268 3724 εἴκοσιν,
1290 3637 1331 3711 οῦς
1352 3626 1398 3700 οἳ

114 3763 319 3843 Συρακόσιον
343 3760 474 3839 ἔλαβον
497 3763 600 3840 αὐτῶν,
624 3762 673 3827 καῖ
698 3763 764 3834 σοὺς
787 3760 893 3842 ἄνδρας
918 3761 1035 3832 νοοῦντας
1050 3757 1246 3837 ariarates,
1270 3771 1362 3824 Β...
1386 3790 1399 3808 ·

113 3882 194 3948 κατὰ
223 3881 256 3948 νύ
285 3880 493 3963 στρατόπεδον,
524 3882 615 3946 δυοῖν
648 3880 683 3945 δὲ
714 3881 863 3953 δεούσας
892 3879 993 3946 ciacon
1024 3880 1048 3944 οῖ
1082 3889 1117 3944 Σ.
1153 3876 1264 3955 ἔλαβον
1288 3875 1402 3942 αὐτῶν

114 4001 174 4065 ari.
210 3999 319 4068 Valla:
352 3999 564 4086 „naviumque
595 4019 727 4066 suarum
755 4000 927 4084 plerasque
956 3997 1054 4066 tutati
1084 3996 1326 4086 (Athenienses)
1348 3995 1403 4062 in

113 4126 220 4188 castra
242 4120 445 4188 reduxerunt.
481 4118 622 4197 Quarum
646 4118 861 4204 duodeviginti
885 4138 998 4202 cepere
1022 4115 1216 4201 Syracusani
1232 4136 1270 4181 ac
1286 4111 1402 4188 socii,

114 4261 224 4306 earum
254 4237 476 4305 defensoribus
504 4235 639 4305 caesis”.
687 4235 859 4322 Vulgatam
882 4235 1100 4320 recipiendam
1124 4255 1194 4301 csse
1214 4235 1284 4320 jam
1306 4222 1403 4301 vidit

113 4357 256 4444 Popp0:¹
282 4357 405 4444 „Vulgo
435 4356 508 4422 δυοῖν
538 4355 656 4428 δεούσας
687 4354 804 4432 εἴκοσιν,
836 4353 872 4430 οῦς
900 4357 924 4421 οῖ
949 4355 1033 4421 unde
1057 4352 1161 4421 verbis
1185 4354 1242 4426 τοῖς
1266 4354 1403 4421 arcam
