2962 4912
10 565 43 610 32,
102 525 210 596 uolenti.
257 527 350 594 Valla
380 528 479 613 igitur
508 528 585 614 legit
614 530 661 594 διὰ
688 529 891 610 Φρυμοινιομὸν
915 529 963 594 aa)
989 529 1098 608 ὑδρείοον
1121 530 1170 593 nal
1194 496 1334 609 οὶρποιρὴν

100 647 192 726 μοκροέν.
238 647 299 724 Qui
330 647 500 714 verborum
529 648 608 715 ordo
632 669 829 734 quamquam
852 649 980 716 omnino
1005 670 1069 715 non
1093 648 1258 733 displicet,
1281 669 1333 714 res

42 812 45 844 ρ
97 764 174 830 tenen
201 764 333 831 minoris
364 770 414 832 est
445 766 596 833 momenti
628 771 734 833 utrum
758 765 1030 834 substantivorum
1054 766 1169 833 seriem
1191 765 1276 831 huno
1299 765 1333 831 iu

43 1069 45 1080 ,
92 999 234 1073 rideamus.
263 1001 436 1070 Classenus
460 1004 506 1070 sio
530 1003 693 1089 disputate
720 1005 856 1087 ,μουοροέυ
880 1004 951 1071 adv.
969 1025 1008 1071 zu
1024 1005 1234 1083 ἀπολλυμένων
1250 1005 1346 1090 (μινΔ

39 1187 41 1208 l
88 1117 150 1186 lemt
174 1145 235 1190 von
265 1123 357 1190 ihren
382 1122 683 1212 Standquartieren)
706 1125 772 1191 und
796 1125 897 1193 daher
920 1124 1016 1191 allein
1039 1123 1155 1209 riehtig
1178 1124 1236 1189 mit
1261 1121 1333 1189 dem

86 1238 136 1306 lat.
160 1242 243 1308 nach
273 1243 384 1323 ὑδρείοου
408 1243 509 1327 (nieht
533 1244 617 1311 nach
641 1245 795 1330 οὶρποονυὶυ)
817 1242 967 1329 gestellt’'
990 1244 1010 1309 i.
1034 1263 1063 1308 e.
1087 1246 1162 1327 post
1185 1240 1334 1309 substan·

81 1359 193 1427 livorum
226 1361 342 1428 seriem
373 1384 413 1429 ne
444 1362 483 1429 de
515 1361 673 1449 adjectivo
698 1362 895 1448 cogitaveris.
943 1361 1079 1428 Omnino
1104 1361 1243 1428 conoedo
1266 1361 1333 1427 viro

10 1490 17 1545 5·
77 1478 174 1565 docto,
204 1486 241 1547 ut
272 1482 370 1548 etiam
402 1483 516 1550 Valles
551 1482 696 1568 „longius
719 1482 817 1548 eant”
842 1480 953 1562 docet,
984 1480 1101 1561 μοικροίν
1126 1501 1197 1548 esse
1220 1480 1332 1547 adver-

75 1594 169 1680 bium,
199 1619 265 1665 non
297 1599 391 1666 modo
423 1621 494 1666 eum
525 1599 756 1685 „praedatum”
782 1600 838 1666 sed
862 1599 960 1666 etiam
983 1621 1056 1666 oum
1082 1597 1277 1684 „lignatum”
1301 1604 1335 1665 et

65 1716 255 1802 „aquatum”
284 1719 551 1806 conjungendum.
598 1719 689 1797 Quod
713 1724 820 1786 autom
844 1716 1016 1785 Olassenus
1039 1716 1188 1802 perhibet
1216 1715 1333 1797 μοικροέν

66 1837 105 1902 ad
137 1836 351 1916 ἀπολλυμένων
386 1836 499 1905 referri
533 1836 667 1924 debere,
699 1836 779 1904 nihil
811 1836 918 1904 eredo.
966 1835 1048 1914 Quid
1083 1834 1167 1901 enim
1200 1834 1336 1902 interest

65 1960 170 2022 ulrum
194 1962 315 2024 nautae
338 1957 450 2042 proeul
473 1978 494 2024 a
517 1957 633 2024 eastris
656 1956 913 2024 interficerentur
937 1977 979 2023 an
1002 1955 1132 2021 minus?
1176 1953 1334 2039 Equidem

64 2076 180 2161 opinor
211 2076 329 2157 μοικροὶν
359 2076 519 2162 respicere
543 2075 585 2142 ad
608 2076 770 2142 notionem
792 2073 970 2155 verbalem,
993 2094 1077 2159 quse
1099 2074 1183 2141 inest
1205 2073 1239 2138 in
1261 2079 1333 2154 φρυ·

57 2195 225 2280 panicale,
260 2197 404 2281 οὶρποιμή,
439 2195 548 2276 ὑδρεῖον,
585 2193 702 2280 quibus
733 2195 931 2280 respondent
959 2193 1057 2260 verba
1085 2189 1331 2277 Φρνγοινιζεπθοιι,

54 2311 219 2394 οὶρποὶζειν,
244 2313 417 2395 ὑδρεύεσθαι.

100 2431 185 2498 Ibid.
215 2430 308 2516 Vulg.
340 2431 393 2496 rial
425 2431 449 2496 δ’
478 2427 504 2496 οἳ
532 2430 583 2497 κον)
615 2436 727 2498 αὐτοῦ
758 2432 987 2513 ἐμπορευόμενοι.
1021 2445 1043 2498 Β
1071 2432 1184 2498 absol.
1218 2429 1333 2497 Valla:

57 2549 213 2634 „qnidam
237 2551 334 2617 etiam
356 2551 518 2635 mancipia
541 2551 720 2638 Hyoearioa
742 2552 890 2633 mercati,
914 2551 1075 2637 persuasis
1091 2548 1276 2617 trierarchis
1292 2553 1329 2615 nt

54 2669 113 2736 illa
136 2690 198 2754 pro
222 2689 257 2736 se
280 2669 497 2756 substituant,
520 2670 723 2757 disciplinam
747 2671 793 2737 rei
809 2670 957 2737 militaris
973 2669 1147 2736 evertunt’'.
1183 2667 1330 2735 Liberius

55 2787 174 2875 vertit,
199 2808 297 2873 qnam
321 2793 356 2854 ut
380 2788 449 2854 eius
472 2787 640 2855 lectionem
664 2788 834 2856 discamus.
864 2787 1062 2855 Sententiam
1087 2791 1195 2854 autem
1218 2784 1331 2852 Vallae

56 2906 206 2975 codicum
239 2905 371 2973 lectioni
408 2912 654 2994 anteponerem,
691 2905 863 2973 dummodo
897 2904 1102 2987 ε’μπορεύεονου
1137 2902 1334 2989 significaret

57 3024 245 3107 „mercari’';
286 3024 367 3090 αὐτοὶ
407 3026 624 3107 ἐμπορευόμενοι
652 3036 731 3093 'non
766 3025 828 3092 nisi
862 3024 1014 3092 insulsius
1048 3023 1203 3108 explicari
1236 3042 1332 3106 posse

59 3145 142 3212 mihi
163 3145 301 3212 videtur.

101 3399 213 3485 eaput
245 3398 288 3464 14
318 3396 343 3488 ξ
373 3398 403 3464 3.
432 3396 522 3482 Vulg.
546 3396 869 3476 διοπολεμνὶπεποοι
996 3395 1010 3459 ὅ
1041 3395 1180 3473 πόλεμος.
1214 3395 1333 3460 utta-

57 3518 372 3597 πεπολεμήπεποιι
391 3565 419 3581 ..
435 3564 442 3581 .
457 3516 492 3582 ,ὁ
515 3514 654 3591 πόλεμον.
679 3513 790 3581 Valla:
817 3514 1030 3598 „debellatum
1046 3515 1128 3601 est'’,
1149 3514 1236 3599 quod
1251 3514 1337 3580 futu·

57 3654 133 3699 rnm
157 3631 335 3698 secundum
350 3636 458 3716 potest
473 3628 610 3709 referre,
633 3628 777 3694 futurum
794 3635 902 3695 autem
917 3629 1056 3713 primum
1072 3629 1211 3696 minime
1234 3627 1333 3694 Haud

57 3750 129 3818 fere
162 3770 244 3834 opus
268 3753 319 3816 est
304 3747 593 3815 tanimadrertere
615 3758 637 3811 B
661 3766 769 3813 veram
792 3746 985 3831 scripturam
1008 3746 1152 3867 reddere.
1192 3747 1333 3814 Dixerim

57 3869 190 3937 Vallem
212 3888 277 3934 non
300 3865 417 3933 vidisse
439 3865 585 3951 πόλεμος,
609 3885 630 3931 a
653 3863 816 3949 Kruegero
839 3865 1064 3951 proscriptum

91 4162 477 4232 1).cfva11ac.14§2in
494 4161 530 4212 πά
547 4179 578 4212 πε
594 4161 657 4212 ὀυτοι
674 4179 716 4212 aaa
709 4160 1002 4226 ονποινοινιοοκόμενοιι,
1003 4163 1058 4227 ,sed
1075 4176 1183 4214 necesse
1199 4166 1239 4213 est
1256 4161 1333 4213 nobis

10 4169 124 4393 {n
58 4264 140 4314 illinc
162 4276 267 4314 sumere
293 4262 363 4312 unda
385 4263 491 4326 quando
513 4263 567 4312 huc
589 4261 724 4322 venimus,
746 4261 1173 4326 etquasabsumptasunt
1183 4266 1338 4326 ,etquae

60 4361 268 4427 supersunt,
286 4357 459 4425 sumpsimus

1221 4451 1237 4507 2
