3000 4920
714 333 757 398 85

148 575 254 661 Caput
276 575 320 641 46
344 573 368 663 ξ
393 575 421 640 1.
446 572 539 656 Vulg.
562 573 612 637 τὸν
634 571 762 670 πθλεμοι
784 572 941 648 διαλῦσαι,
968 584 989 636 Β
1013 571 1148 638 διαλῦσαι
1166 574 1213 638 τὸν
1230 572 1369 649 πόλεμον.

107 694 217 762 Valla:
245 715 305 775 „ne
329 692 503 759 admodum
526 690 726 757 incumberet
750 689 833 756 bello
856 687 1023 756 finieud0’'.

149 812 230 879 Ibid.
253 811 346 896 Vulg.
370 811 443 890 μηδὲ
465 811 640 888 βουληθῆναι
664 810 829 888 κομίσαντα
853 809 870 885 ἢ
895 815 964 883 ναῦς
989 810 1156 888 Φοινίσσαις,
1188 811 1282 891 ἅσπερ
1299 835 1371 893 σαρ-

108 931 275 1014 εσκεύιιζετο
305 932 447 1010 μελλήσει
471 931 570 1007 μισθθν
593 929 743 1011 πορίζοντα
767 936 827 1001 τοῖς
852 931 951 1001 αὐτοῖς
1074 931 1107 995 τθ
1130 931 1233 1010 κρθτος
1257 931 1370 1009 δοῦναις

110 1072 146 1117 ex
171 1052 258 1119 hisce
285 1050 426 1118 tenebris
449 1050 639 1134 emergimus
663 1070 725 1135 ope
746 1049 819 1116 libri
841 1050 887 1136 B,
911 1050 945 1115 in
968 1071 1032 1134 quo
1055 1072 1115 1135 pro
1138 1051 1281 1127 μελλήσει
1308 1071 1373 1118 ser-

110 1175 180 1237 uata
208 1176 259 1237 est
287 1191 364 1236 vera
394 1171 556 1255 scriptura
587 1170 604 1246 ἢ
632 1170 778 1247 Ἕλλησι,
810 1169 898 1255 quod
929 1168 1023 1236 Valla
1046 1191 1173 1254 quoque
1197 1170 1372 1255 expressit:

114 1310 203 1370 „neve
237 1296 295 1357 aut
327 1290 437 1356 accitis
461 1311 543 1374 quas
565 1290 763 1356 instruxerat
785 1275 980 1356 Phaenicum
1002 1289 1160 1370 navibus,
1178 1295 1234 1356 aut
1258 1290 1374 1375 majori

113 1408 335 1476 Graecorum
370 1408 473 1476 classe
504 1408 680 1493 conducta,
715 1408 844 1476 tradere
879 1407 1141 1475 Lacedaemoniis
1165 1409 1373 1494 ....impe·

113 1527 187 1593 rium
209 1525 333 1594 vellet'’.
1139 1613 1142 1621 Ι

152 1645 233 1714 Ibid.
248 1645 342 1730 Vulg.
366 1645 492 1722 βασιλεῖ
507 1643 612 1721 ἐξεῖναι
632 1646 679 1710 ἐστὶ
696 1646 761 1718 τοὺς
778 1648 857 1728 αὐτῷ
874 1648 1014 1726 λυπηροὺς
1031 1648 1096 1719 τοὺς
1113 1648 1221 1727 ἑτέρους
1238 1647 1373 1724 {napea
1450 1706 1454 1711 .
1481 1720 1485 1725 ¹

117 1767 281 1851 Eleganter
302 1764 330 1829 Β
354 1770 428 1830 ante
452 1764 507 1860 r’rl
524 1764 638 1832 inserit
660 1766 727 1840 ατί,
752 1786 816 1850 quo
836 1786 946 1832 carere
970 1766 1021 1831 vix
1036 1786 1206 1851 possumus
1222 1767 1374 1851 quodque
1482 1778 1486 1783 '

118 1884 201 1952 Valla
231 1883 353 1952 reddit:
388 1883 477 1970 „lore
508 1883 592 1950 enim
620 1889 658 1949 ut
680 1905 831 1969 semper
853 1885 920 1970 regi
943 1885 1054 1952 liceret
1076 1887 1111 1952 in
1134 1906 1189 1953 eos
1213 1908 1234 1953 a
1257 1886 1375 1970 quibus

75 1972 78 1991 ’
123 2003 335 2084 offenderetur,
357 2002 509 2069 inducere
533 2001 682 2069 alteros''.

157 2123 179 2216 ξ
199 2128 229 2192 2.
254 2125 349 2210 Vulg.
374 2129 460 2191 reete
484 2125 600 2204 θαρρεῖν
624 2123 661 2189 θον
684 2123 771 2189 αὐτὸν
793 2119 832 2195 οἷς
856 2124 922 2197 τοὺς
945 2132 1123 2205 κρατοῦντας
1139 2123 1375 2206 ξυμκαθαιρθσει.

125 2242 146 2308 Β
165 2265 256 2312 sensu
276 2264 428 2312 vacuum:
452 2224 702 2322 ξουθαθαιρθσειι.
727 2242 834 2310 Valla:
858 2264 941 2326 „non
960 2242 1146 2311 habiturum
1162 2266 1234 2311 eum
1251 2244 1377 2331 adjuto-

127 2386 179 2452 res,
200 2367 316 2452 quibus
339 2369 535 2452 opprimeret
557 2386 611 2433 eos
634 2365 689 2449 qui
712 2387 817 2431 rerum
841 2365 1053 2450 potirentur’'.

161 2485 234 2553 lbid.
259 2485 378 2552 Omnes
401 2485 476 2552 libri
499 2490 675 2551 monstrum
698 2482 842 2551 referunt
863 2486 1055 2567 εὐτελέστερα
1079 2488 1124 2552 rol
1149 2487 1263 2565 δεινοὶ,
1289 2485 1378 2570 quod

97 2601 252 2691 ‚sblaeseni
275 2605 421 2672 acumine
444 2603 608 2670 lenissima
631 2603 828 2670 correctione
852 2604 1024 2671 emendata
1047 2610 1097 2672 est
1118 2605 1152 2670 in
1175 2604 1250 2670 ταδ’
1277 2601 1377 2669 εἶναι.

111 2706 222 2788 ‘lenna
255 2727 289 2789 et
321 2721 446 2789 Veliam
481 2720 643 2805 putaveris
678 2721 836 2787 sinceram
871 2721 1040 2788 lectionem
1071 2722 1204 2789 vidisse:
1257 2722 1378 2805 „satius

131 2847 217 2907 sutem
240 2862 310 2908 esee
334 2842 360 2908 si
385 2839 499 2926 sqq.”t

161 2957 181 3049 ξ
202 2963 230 3026 3.
252 2959 348 3044 Vulg.
370 2957 606 3040 ἐπιτηδειοτέρους
630 2984 663 3024 τε
687 2959 744 3040 ἔφη
767 2965 833 3028 τοὺς
858 2959 1024 3034 Ἀθηναθους
1047 2955 1118 3024 εἶναι
1138 2960 1279 3032 κοινωνοὺς
1297 2962 1378 3041 αὐτῷ

130 3086 168 3153 τῆς
187 3081 291 3162 ἀρχῆς.
327 3078 449 3165 Injuria
472 3079 498 3143 B
523 3078 640 3144 omittit
663 3073 743 3141 εἶναι.
791 3077 904 3144 Valla:
933 3075 1095 3157 „addebat
1117 3078 1214 3144 etiam
1239 3100 1379 3145 commo-

130 3195 216 3265 diores
237 3197 285 3264 illi
307 3197 375 3264 fore
399 3197 503 3264 socios
525 3195 652 3281 imperii
675 3195 918 3262 Athenienses’'.

160 3315 236 3385 Ibid.
259 3315 351 3401 Vulg.
381 3317 446 3388 τοὺς
476 3316 531 3394 μὲν
557 3316 616 3397 γὰρ
639 3313 896 3394 ἔυηκαταδουλοῦν
919 3314 955 3379 θη
977 3315 1062 3397 σφίσι
1085 3340 1118 3379 τε
1142 3318 1240 3387 αὐτοῖς
1265 3314 1298 3380 τθ
1325 3325 1378 3390 τῆς

128 3435 260 3513 θαλάσσης
293 3436 376 3517 μέρος
406 3435 456 3501 καὶ
484 3435 604 3516 ἐκείνῳ
634 3431 691 3498 ὅσοι
714 3435 743 3498 ἕο
766 3444 803 3517 τῇ
825 3434 973 3511 βασιλέως
993 3432 1137 3510 Ἕλληνες
1162 3435 1278 3500 οἰκοῦσι.
1326 3433 1379 3500 Sic

126 3556 208 3624 etiem
231 3555 325 3624 Valla
358 3554 446 3635 „fore
477 3559 513 3620 ut
542 3553 576 3619 in
606 3555 790 3621 servitutem
822 3555 1019 3640 redigerent,
1052 3555 1114 3622 sibi
1144 3556 1272 3640 quidem
1300 3557 1379 3641 ipsis

125 3677 209 3744 maris
232 3680 376 3761 partem,
404 3672 487 3758 regi
509 3679 618 3740 autem
641 3673 782 3740 Graecos
807 3695 917 3741 omnes
940 3676 996 3758 qui
1019 3677 1199 3759 provinciae
1223 3676 1307 3743 illius
1331 3677 1378 3741 in·

118 3794 283 3865 'colerent''.
318 3795 427 3861 Recte.
474 3794 578 3860 Dativi
609 3793 693 3861 enim
726 3795 811 3876 σφίσι
841 3797 940 3867 αὐτοῖς
968 3800 1000 3861 et
1021 3796 1116 3878 ἕκεθιῳ
1138 3796 1317 3880 pendentes
1340 3815 1379 3860 ex

120 3913 360 3992 ξυιιιαταθουλιῦη
383 3918 469 3979 recte
493 3911 527 3977 in
551 3911 680 3997 vulgata
703 3912 787 3978 inter
812 3934 845 3979 se
869 3921 1093 3998 opponuntur3
1118 3918 1248 3987 ἐκεῖνος
1272 3919 1379 3979 autem

119 4034 221 4103 infelix
257 4041 307 4102 est
342 4031 522 4100 emendatio
547 4031 714 4112 Vaticani,
746 4033 802 4116 qui
834 4033 932 4099 etiam
965 4033 1032 4100 sine
1065 4055 1163 4100 causa
1195 4034 1313 4099 omittit
1335 4058 1378 4098 τε.

118 4155 158 4223 De
179 4154 299 4242 copula
322 4153 401 4230 certi
424 4151 502 4217 nihil
526 4171 565 4217 ex
588 4149 683 4216 Valla
706 4154 851 4235 apparet.

152 4274 234 4342 Ibid.
257 4271 353 4356 Vulg.
387 4270 437 4335 ael
468 4271 519 4334 οὐκ
551 4269 623 4340 εἰκὸς
655 4263 726 4332 εἶναι
760 4269 1006 4348 Λακεδαιμονίους
1037 4273 1098 4334 abab
1128 4274 1182 4348 μὲν
1213 4276 1295 4353 σφῶν
1324 4276 1380 4336 τῶν

115 4397 256 4472 Ἑλλήνων
282 4391 441 4467 ἐλευθεροῦν
464 4392 512 4452 νῦν
535 4387 601 4457 τοὺς
621 4386 791 4473 Ἕλληνας,
817 4387 877 4452 clad
901 4387 925 4452 δ’
949 4388 1059 4453 ἐκείνων
1075 4393 1130 4453 τῶν
1145 4389 1380 4471 βαρβθρυη,....
