3000 4920
807 339 850 413 58

192 580 312 647 dictum
337 583 461 650 videtur
479 586 515 670 ¹).
548 586 638 664 Quod
665 587 760 652 Valla
786 588 923 667 „multos
947 589 1044 655 etiam
1068 590 1160 658 avide
1175 592 1351 676 potantes’'
1368 593 1464 659 inter·
1488 652 1491 657 .

191 708 336 785 pretatus
360 711 427 788 est,
460 727 523 770 non
547 708 711 792 permagni
736 713 787 774 est
809 707 1012 792 faciendum,
1037 732 1109 775 eum
1131 711 1164 775 in
1189 711 1292 777 latino
1318 732 1462 778 sermone
1488 700 1492 777 ῗ

189 823 256 887 iere
279 825 460 890 necessario
485 847 566 910 opus
590 827 632 893 sit
657 827 821 893 adverbio.

230 1061 336 1145 Caput
360 1063 402 1127 85
425 1061 449 1153 ξ
476 1066 504 1129 l.
537 1065 628 1149 Vulg.
661 1066 709 1130 καί
742 1068 836 1146 ἑαυτῷ
869 1068 923 1144 μὲν
954 1069 1106 1148 χρῆσθαι
1130 1067 1261 1134 ἕνέλενεν
1282 1071 1400 1138 ἐκεῖνον.
1432 1069 1457 1134 Β
1485 1040 1491 1141 l

184 1183 404 1266 χρήσασθαι,
436 1183 519 1264 quod
553 1183 746 1249 recentiores
780 1186 920 1252 editores
952 1192 1161 1272 receperunt,
1194 1191 1228 1252 et
1250 1195 1387 1275 propter
1409 1211 1455 1256 se·
1487 1192 1491 1265 l

184 1323 284 1384 quens
315 1300 485 1364 παύσασθαι
518 1300 655 1384 speeiem
687 1323 763 1367 sane
788 1302 897 1370 habet.
944 1303 1073 1370 Vallam
1097 1306 1219 1374 frustra
1244 1308 1416 1376 adibimus.
1485 1292 1491 1371 l

227 1419 250 1510 ξ
275 1423 305 1484 2.
330 1420 419 1504 Vulg.
444 1421 493 1484 καί
519 1419 583 1491 τούς
608 1444 641 1484 τε
663 1421 780 1492 λοιπούς
798 1473 804 1487 .
821 1470 828 1485 .
843 1470 850 1485 .
864 1472 871 1487 .
887 1420 1071 1500 ξυγκομίσας
1087 1423 1208 1506 ζῶντας.
1232 1426 1259 1491 Β
1277 1430 1456 1496 sententiae
1484 1394 1491 1501 l

181 1548 324 1606 tenorem
348 1541 488 1606 restituit
510 1560 569 1623 pro
594 1539 764 1623 participio
789 1540 948 1624 praebens
963 1539 1165 1619 ξυνεκίμιοαν.
1192 1546 1454 1616 Valla'liberius:
1484 1524 1491 1671 l

184 1661 322 1741 „caeteri
441 1661 502 1726 rivi
526 1663 601 1724 sunt
623 1657 740 1742 eapti”.

1486 1678 1491 1721 l

1482 1726 1490 1809 l

1486 1842 1490 1939 l

224 1900 331 1983 Caput
354 1899 396 1964 86
420 1904 440 1981 ξ
465 1900 493 1963 2.
519 1897 610 1982 Vulg.
635 1899 700 1969 τοὺς
726 1897 779 1968 μὲν
802 1896 912 1971 ἄλλους
940 1899 1096 1973 Ἀθηναίων
1119 1901 1335 1980 κατεβίβασαν
1351 1906 1381 1978 ἐς
1398 1907 1453 1980 τὰς
1486 1942 1490 2013 p

179 2021 363 2102 λιθοτομίας,
397 2018 636 2100 ἀσφαλεστάτην
672 2014 744 2081 εἶναι
782 2018 952 2091 νομίσαντες
983 2020 1109 2100 τοίαισιν.
1144 2020 1221 2088 Fuit
1252 2022 1452 2113 Madvigius,
1486 2016 1490 2039 ⁴

179 2141 233 2223 qui
256 2144 329 2222 post
352 2137 590 2218 α’σφαλεστοίτνν
615 2136 740 2202 addidit
762 2139 887 2216 ταύτην,
913 2160 985 2206 oum
1008 2146 1083 2224 post
1106 2142 1337 2227 superlativum
1361 2145 1452 2212 faoil·
1482 2140 1490 2209 ·.j

176 2259 250 2322 lime
274 2278 450 2341 pronomen
474 2255 620 2320 excidere
644 2256 792 2338 potuerit.
825 2256 927 2333 Quam
944 2257 1194 2344 disputationem
1210 2244 1291 2327 nihil
1308 2263 1451 2332 infitians
1486 2314 1490 2321 -

176 2376 348 2442 Classenus
372 2375 517 2441 declarat
540 2396 591 2460 se,
617 2375 677 2439 etsi
700 2374 858 2458 intellegit
882 2375 1001 2460 optime
1017 2375 1087 2443 fieri
1103 2399 1198 2464 posse
1215 2388 1251 2446 ut
1270 2381 1451 2469 Madvigius
1487 2404 1490 2465 j

174 2504 261 2563 nocte
297 2497 460 2580 opinetur,
494 2500 615 2560 textum
650 2500 774 2559 mutare
809 2493 894 2560 nolle
930 2495 993 2561 nisi
1025 2496 1089 2564 alio
1120 2499 1305 2566 testimonio
1339 2502 1450 2570 allato.

173 2618 248 2682 Jam
280 2638 353 2681 vero
384 2616 474 2681 lubet
504 2613 760 2680 animadvertere
792 2635 851 2697 pro
883 2613 950 2680 viro
981 2614 1196 2686 illustrissimo
1221 2620 1317 2688 Dauo
1340 2621 1450 2690 faeere

175 2735 319 2802 Vallam:
345 2735 560 2813 „tutissimam
585 2732 806 2799 existimantes
830 2753 902 2798 earn
926 2755 996 2800 esse
1022 2735 1236 2804 custodiam’'.

217 2854 298 2919 Ibid.
322 2852 414 2936 Vulg.
439 2850 555 2922 ἄκοντος
579 2858 630 2917 τοῦ
653 2853 824 2926 Γυλίππου,
849 2851 876 2915 Β
900 2853 1069 2919 articulum
1091 2855 1219 2922 omittit.

217 2973 294 3063 ξεί.
331 2972 422 3055 Vulg.
458 2969 519 3035 ἄνθ’
551 2967 587 3035 ὧν
617 2969 703 3036 οἵτε
734 2972 955 3048 Λακεδαιμίνιοι
988 2968 1061 3048 ἦσαν
1092 2976 1172 3055 αὐτῷ
1205 2976 1239 3061 (i.
1263 2998 1292 3044 e.
1322 2979 1449 3069 Niciae)
1486 3032 1489 3075 2

171 3099 360 3174 προσφιλεῖς,
397 3091 524 3162 αοίαείνος
557 3091 614 3169 οὐχ
647 3089 753 3164 ἥκιστα
783 3091 945 3161 πιστεύσας
977 3091 1079 3158 ἑαυτὸν
1108 3095 1150 3168 τῷ
1181 3096 1326 3180 Γυλίππῳ
1359 3101 1449 3183 arari-
1486 3142 1489 3191 1

171 3215 265 3278 δακεν.
299 3212 325 3274 Β
358 3216 432 3275 ante
463 3210 624 3281 πιστεύσας
657 3210 771 3274 inserit
801 3210 848 3273 deal
879 3217 976 3291 τοῦτο,
1009 3215 1096 3295 quod
1120 3215 1207 3299 apud
1231 3216 1360 3286 Vallum
1384 3244 1447 3289 non

171 3337 284 3396 exstat.
318 3331 579 3395 Additamentum
599 3329 668 3414 jam
684 3330 717 3392 in
734 3328 830 3395 dubio
847 3331 956 3413 posuit
972 3331 1083 3417 Poppo
1100 3338 1135 3398 ut
1152 3335 1249 3401 etiam
1267 3337 1446 3423 Arnoldus,
1485 3326 1489 3391 ί

169 3451 224 3534 qui
255 3449 317 3514 hoe
349 3448 443 3513 modo
476 3448 638 3530 disputat:
677 3447 830 3526 „Frustra
862 3447 1008 3514 additum
1041 3451 1087 3516 aa
1115 3458 1199 3518 τοῦτο
1222 3475 1299 3521 nam
1322 3458 1386 3523 ἄνθ’
1410 3456 1446 3526 ὧν
1483 3468 1489 3539 j

168 3569 508 3647 πιστεύσας-παρέδωκεν
544 3567 604 3632 etsi
640 3587 704 3632 non
740 3587 871 3650 prorsus
907 3566 1066 3634 subtiliter
1097 3569 1308 3661 dictumest,
1344 3596 1444 3662 quum
1484 3544 1489 3581 ¹

167 3689 333 3773 proprium
369 3687 495 3751 dicendi
527 3707 627 3771 genus
662 3692 745 3751 esset
776 3687 811 3749 δι’
836 3684 875 3764 a,
903 3692 1012 3751 tamen
1043 3688 1223 3773 exemplum
1246 3691 1443 3765 levissimum

168 3814 218 3874 est
247 3806 332 3871 illius
364 3805 502 3870 usitatae
529 3804 760 3890 negligentiae,
793 3826 858 3888 qua
888 3805 1076 3871 vocabulum
1100 3811 1157 3873 aut
1178 3808 1318 3879 formula
1343 3836 1443 3900 quae·

168 3928 242 3991 dam
260 3924 385 3990 duobus
403 3923 637 3989 enunciationis
655 3922 806 3989 membris
823 3924 1028 4008 adjungitur,
1043 3946 1180 4009 quorum
1197 3931 1295 3998 alteri
1308 3939 1442 4022 proprie
1480 3940 1488 4033 1

166 4050 293 4110 tantum
317 4041 490 4110 eonvenit''.
523 4043 601 4108 Mihi
624 4042 754 4125 quidem
777 4043 910 4109 Arnoldi
925 4043 1124 4129 indulgentia
1142 4068 1207 4114 non
1228 4051 1440 4140 plaeet,·oum
1478 4046 1488 4155 l

166 4164 328 4246 vulgatam
364 4160 523 4246 elegantia
555 4160 710 4227 sermonis
742 4167 850 4244 putem
881 4166 1047 4244 praestare
1078 4162 1251 4248 Vaticano,
1276 4173 1367 4242 ouius
1393 4177 1439 4243 διὰ
1480 4162 1486 4265 l

198 4433 226 4498 t)
244 4433 276 4482 ef.
294 4431 444 4482 Classerms.
