3000 4920
62 404 64 409 ⁴
110 353 147 400 vl
631 350 866 399 PRAEFATIO.

111 573 244 641 multum
269 578 433 650 versatus,
457 578 525 639 tum
549 570 646 638 etiam
668 571 880 658 grammatica
903 569 1044 654 optimae
1064 569 1251 655 graecitatis
1268 570 1389 636 doctis·

111 695 227 782 simus,
262 695 445 762 liberalium
479 700 647 781 praeterea
682 695 924 779 disciplinarum
959 694 1076 762 notitia
1109 694 1277 780 praeditus
1287 737 1301 780 ,-
1330 699 1389 773 ut,

111 817 240 900 praeter
256 814 321 881 alia
337 815 449 900 multa,
465 816 679 901 geographica
695 815 825 882 nomina
844 815 998 882 nonnulla
1013 816 1047 880 in
1060 814 1086 881 B
1101 815 1169 882 solo
1181 820 1268 881 recte
1280 814 1389 881 relata

111 933 236 1000 docent
282 933 364 1012 Quia
394 934 491 1021 igitur
514 934 602 1002 haud
627 934 667 1001 ab
691 935 866 1020 interprete
891 934 991 1002 inscio
1015 933 1073 1001 sed
1097 954 1118 1000 a
1141 934 1208 1001 viro
1232 934 1390 1001 eruditis-

112 1052 191 1120 simo
222 1051 322 1120 codex
352 1053 380 1118 Β
403 1058 453 1119 ost
476 1053 680 1132 emendatus,
705 1053 863 1137 sequitur,
887 1058 924 1119 ut
945 1051 1134 1138 perdifficile
1156 1051 1317 1120 interdum
1343 1052 1391 1120 sit
1410 1126 1413 1131 ,

112 1171 218 1258 dictu,
242 1173 318 1257 quid
343 1172 508 1258 scriptori,
533 1172 611 1257 quid
635 1173 809 1240 correctori
832 1172 929 1238 tribui
953 1178 1111 1258 oporteat.
1141 1173 1295 1239 Attamen
1310 1171 1390 1239 huic

112 1291 294 1359 difficultati
317 1293 507 1360 enodandae
531 1293 674 1379 suppetit
698 1293 870 1381 auxilium,
888 1314 952 1379 quo
977 1294 1061 1361 viros
1085 1291 1198 1360 doctos
1219 1293 1390 1378 hucusque

112 1432 226 1497 parum
248 1433 325 1480 usos
348 1433 418 1480 esse
440 1413 578 1480 maxime
602 1414 712 1482 miror.

156 1531 283 1597 Etenim
312 1536 441 1616 praeter
467 1532 662 1617 exemplaria
684 1551 821 1618 graeca,
846 1537 973 1599 servata
997 1530 1089 1598 uobis
1113 1536 1163 1597 cst
1185 1529 1385 1617 Thucydidis

113 1672 246 1736 operum
280 1652 504 1736 interpretatio
539 1651 582 1719 ad
612 1651 741 1719 verbum
773 1650 840 1718 fere
871 1651 970 1719 latine
1001 1651 1130 1718 reddita
1160 1672 1181 1717 a
1212 1650 1389 1718 Laurentio

112 1770 223 1849 Valla,
255 1791 349 1855 quom
382 1770 491 1837 seculo
523 1771 646 1839 decimo
677 1772 790 1856 quinto
822 1792 881 1857 pro
905 1771 986 1837 virili
1009 1775 1104 1857 parte
1126 1770 1242 1838 litteris
1265 1770 1391 1838 renatis

114 1889 230 1957 scimus
254 1890 381 1957 dedisse
398 1911 547 1978 operam.
593 1889 691 1957 Cuius
715 1891 756 1957 de
779 1891 837 1958 viri
859 1891 1038 1959 eruditione
1062 1892 1089 1958 si
1112 1891 1293 1977 quaeritur,
1326 1890 1390 1958 hoc

115 2009 229 2077 saltem
253 1992 407 2097 apparet,
431 2008 576 2098 Vallem,
602 2011 657 2096 qui
680 2009 798 2077 librum
825 2012 884 2095 ,de
908 2011 1002 2078 latini
1026 2011 1181 2078 sermonis
1202 2009 1389 2095 elegantia''

115 2130 349 2223 composuerit,
381 2128 525 2197 Graecae
553 2130 701 2218 linguae,
732 2151 810 2199 sane
841 2130 1035 2217 Thucydidis
1067 2129 1249 2216 explicandi
1271 2150 1390 2215 parum

114 2250 213 2317 fuisse
235 2271 388 2337 gnarum,
413 2255 466 2338 ut,
491 2272 563 2318 cum
586 2272 703 2336 graeca
726 2272 791 2319 non
805 2251 1025 2337 intellegeret,
1040 2250 1201 2318 interdum
1215 2251 1251 2317 in
1264 2249 1388 2318 barba-

119 2369 199 2435 riem
222 2367 339 2435 abierit
360 2369 603 2454 interpretatio,
627 2391 711 2455 quae
733 2370 870 2438 invictas
892 2370 1072 2455 imperitias
1088 2375 1120 2436 et
1134 2369 1277 2436 incuriae
1293 2374 1391 2437 notas

115 2509 272 2575 persaepe
307 2490 464 2557 ostendat
510 2490 625 2575 Itaque
659 2490 725 2556 alia
758 2511 798 2556 ne
832 2510 981 2576 urgeam,
1016 2489 1202 2574 interpretis
1239 2488 1391 2557 inscitiae

116 2608 224 2675 tribuo
257 2628 383 2694 semper
412 2607 480 2675 fere
510 2609 656 2695 neglecta
686 2629 756 2676 esse
784 2608 908 2676 minora
931 2610 988 2675 sed
1012 2609 1110 2695 paulo
1133 2608 1272 2676 fortasse
1295 2608 1392 2676 intel-

115 2727 202 2794 lectu
225 2725 409 2795 difficiliora
430 2727 585 2796 vocabula
609 2728 720 2813 qualia
744 2734 820 2795 sunt
841 2729 896 2807 γέ,
921 2725 978 2806 αὖ,
1003 2728 1036 2804 δή
1059 2727 1114 2814 (cf.
1138 2728 1199 2794 VII
1221 2749 1250 2795 c.
1277 2728 1335 2813 14,
1359 2729 1391 2794 4.

120 2847 178 2931 15,
204 2847 232 2913 1.
256 2847 316 2926 28,
341 2847 361 2911 3
385 2846 443 2913 bis.
466 2847 584 2933 40,-2.
609 2847 669 2926 63,
701 2847 822 2914 tvm
846 2848 900 2936 57,
928 2849 955 2914 1.
979 2849 1039 2924 82,
1071 2848 1102 2916 3.
1127 2848 1188 2934 84,
1213 2850 1250 2928 2,
1275 2848 1305 2914 3.
1329 2848 1391 2928 97,

118 2966 149 3032 2.
174 2963 275 3047 alibi).
321 2965 475 3032 Praetera
506 2971 673 3033 contextus
705 2967 783 3053 quid
814 2966 1009 3053 significaret
1032 2987 1097 3032 non
1119 2966 1197 3033 vidit
1219 2966 1390 3051 permultis

117 3082 213 3167 locis,
237 3103 373 3167 quorum
388 3084 576 3171 nonnullos,
601 3093 778 3152 memoratu
795 3085 928 3172 dignos,
952 3091 1079 3153 tantum
1095 3107 1166 3154 sum
1181 3085 1390 3152 laudaturus:

118 3200 178 3267 VH
202 3223 228 3269 c.
252 3204 270 3268 7
296 3207 315 3286 ξ
342 3205 359 3269 1
383 3204 473 3286 μέχρι
495 3210 545 3271 τοῦ
569 3205 768 3288 synopsim
791 3207 908 3287 τείχους
927 3205 1037 3273 Valla:
1065 3225 1186 3290 ,usque
1203 3179 1244 3271 ad
1261 3226 1389 3271 murum

119 3320 349 3405 simplicem.
384 3345 409 3390 c.
437 3323 455 3389 7
480 3321 504 3414 ξ
527 3325 547 3390 3
575 3326 612 3398 aa
639 3324 689 3390 aa>
712 3330 769 3389 τῶν
792 3325 947 3401 Ἀθηναίων
971 3324 1296 3404 §praeoccuparentur
1320 3345 1391 3410 per·

118 3459 228 3522 peram
259 3461 331 3507 cum
362 3442 569 3526 sequentibus
597 3441 797 3511 adversative
820 3444 993 3530 conjungit
1017 3467 1042 3511 c.
1066 3445 1108 3511 41
1133 3443 1157 3535 g
1180 3445 1202 3510 4
1224 3443 1336 3510 ἐδόκουν
1360 3443 1390 3509 δὲ

118 3557 168 3622 καὶ
192 3558 240 3623 τὸν
264 3559 349 3641 audiv
372 3561 576 3643 χειρώσεσθαικ
610 3562 777 3648 „peditatu
807 3568 881 3631 ver'o
912 3562 1080 3630 inferiores
1104 3563 1207 3630 esse”.
1231 3584 1257 3630 u.
1270 3558 1344 3649 ¹43,
1370 3563 1391 3629 5

120 3678 302 3758 περαίνεσθαι
324 3679 345 3746 i.
369 3701 396 3746 e.
419 3679 574 3766 perficere
597 3682 694 3750 vertit
721 3681 943 3767 „penetrare”.
968 3704 994 3751 c.
1018 3682 1061 3750 68
1084 3679 1144 3772 §l
1169 3682 1202 3748 τὸ
1217 3680 1391 3761 λεγόμενονι

123 3797 269 3880 „quoties
292 3797 371 3865 alibi
394 3801 582 3868 narrabitur
599 3800 660 3887 ¹)”.
774 3814 781 3827 ·

166 3913 254 3992 Quae
290 3922 399 3985 tamur
432 3939 484 3986 res
518 3920 591 4005 ipsa
626 3941 820 4006 magnopere
850 3942 908 4007 pro
940 3920 1055 3989 Vallae
1085 3921 1257 3988 lectionum
1287 3920 1394 4006 pretio

154 4227 181 4293 1)
200 4227 280 4278 Errat
297 4227 372 4278 Vella
389 4242 495 4293 quoquc
513 4226 576 4278 VIII
593 4242 618 4279 c.
635 4226 668 4278 73
683 4229 696 4294 5
716 4225 732 4277 5
745 4228 773 4278 in
786 4227 957 4291 περιεγένοντο
969 4229 1052 4278 οἶα-ῶν
1064 4229 1161 4291 Σαμίων
1173 4229 1298 4288 atalante,
1311 4246 1333 4284 c.
1347 4231 1393 4298 76,

122 4325 135 4389 5
152 4324 168 4374 l
186 4325 212 4374 in
232 4323 254 4372 εἰ
270 4318 359 4373 tacco
376 4322 500 4386 oppam,
517 4339 540 4376 c.
557 4322 590 4375 87
608 4324 621 4390 5
640 4324 656 4374 2
673 4324 701 4375 in
720 4322 830 4387 λέγεται
847 4321 874 4372 dl
891 4322 920 4373 orl
932 4325 1002 4375 nard
1018 4323 1108 4383 ταύτό,
1121 4341 1144 4377 c.
1155 4324 1189 4376 92
1200 4330 1255 4376 tota
1266 4341 1395 4394 paragra·

122 4419 191 4483 phus
208 4419 302 4484 quinta
320 4434 442 4484 perverse
459 4425 500 4471 est
517 4420 624 4473 reddite.
658 4420 729 4472 Alibi
747 4421 827 4471 etiam
845 4435 978 4486 persaepe.
