2962 4912
723 321 767 386 42

114 578 153 623 ιιι
184 556 256 622 dem
287 556 344 623 Vb.
375 557 564 634 ἐτιβιὶσοιτοοι
594 557 628 622 in
660 561 808 625 aiisserer
837 557 1035 642 Beaiehung,
1061 556 1143 624 doch
1165 579 1229 623 nur
1248 558 1283 622 in
1306 557 1345 624 de

114 674 322 761 allgemeinen
357 675 470 743 Sinne:
509 676 593 760 ,und
625 698 660 743 es
690 676 767 744 wird
799 676 945 743 dadurch
977 699 1020 744 an
1047 676 1134 744 Bord
1165 677 1237 744 eine
1267 675 1344 758 Mem

114 794 287 861 Menschen
322 816 505 862 zusammen
540 795 724 864 liommen’'.
769 797 850 863 Dem
885 795 974 878 ὄχλος
1012 796 1091 863 aber
1132 795 1283 862 schlieset
1313 795 1344 861 si

113 912 171 978 der
201 912 448 998 zweigliederige
479 913 673 981 Relativsatz
705 935 765 998 an,
797 935 837 980 ιιι
868 913 983 980 dessen
1013 913 1153 982 aweitem
1184 911 1297 980 Gliede
1320 933 1344 978 ai

112 1030 185 1096 dem
216 1025 237 1112 ᾧ
267 1010 324 1096 des
355 1034 461 1096 ersten
492 1030 550 1098 der
580 1030 762 1097 Nominativ
793 1028 822 1102 ὃς
854 1052 894 1096 ιιι
924 1035 1085 1116 ergtingen
1114 1031 1157 1097 ist
1179 1031 1253 1116 (agl.
1278 1041 1344 1097 ιιιῑ

114 1151 173 1228 10,
197 1153 254 1238 3.).
288 1149 346 1216 Bei
377 1148 482 1216 dieser
512 1147 749 1215 anaweifelhaft
772 1147 930 1233 richtigen
953 1147 1230 1234 Satzverbindung
1255 1170 1322 1216 aar

112 1269 190 1336 aber
223 1268 353 1352 nlithig.
389 1271 470 1333 statt
492 1266 549 1333 des
572 1266 669 1333 laum
692 1287 730 1332 ιιι
754 1264 966 1332 erklirenden
990 1265 1174 1348 πρόσφοροι
1196 1289 1237 1333 ιιι
1260 1267 1344 1334 sehr<

111 1386 174 1453 ben
201 1385 412 1467 πρόσφοροςι
450 1385 508 1470 vgl.
532 1385 602 1450 eine
625 1382 773 1451 thuliche
797 1383 1053 1469 Verschreibung
1076 1385 1134 1451 der
1156 1385 1297 1471 Endung
1322 1386 1344 1452 d

111 1503 183 1590 adj.
208 1505 247 1591 3,
271 1506 332 1583 53,
357 1505 411 1570 2”.
436 1504 582 1571 Classeni
605 1502 861 1571 emendationem
883 1503 1065 1570 testimonio
1081 1501 1250 1569 confirmat
1267 1502 1344 1570 Vall

111 1621 194 1688 Nam
225 1622 382 1705 sagittarii
412 1621 562 1707 permulti
593 1627 690 1706 atque
717 1620 915 1705 jaculatores
944 1622 978 1686 in
1009 1639 1105 1687 naves
1129 1621 1321 1701 ascendent,

110 1745 222 1806 tanta
244 1741 435 1806 hominum
458 1738 682 1818 multitudo,
705 1744 845 1824 quanta,
870 1742 1052 1823 pugnantes
1075 1738 1204 1822 quidem
1227 1740 1261 1804 iu
1275 1738 1342 1806 libe

110 1858 209 1944 mari,
233 1879 297 1924 non
321 1863 482 1924 uteremur
604 1856 661 1923 sed
684 1857 736 1922 hic
759 1855 895 1923 futura
923 1862 983 1922 est
1004 1856 1117 1924 utilis
1140 1856 1234 1943 sqq”‚

155 1976 230 2057 ὃὸ.
262 1975 350 2061 Vulg.
384 1974 503 2056 ηὕρηται
537 1975 562 2040 δ’
585 1977 654 2052 ἡμῖν
687 1973 752 2040 ὅσα
786 1978 833 2050 μη
863 1976 1229 2059 οέιτιναοπηρεῑσθαι,
1261 1972 1344 2058 quib*

112 2093 216 2161 verbis
238 2094 389 2162 inanibus
404 2095 550 2162 medetur
564 2094 592 2160 Β
607 2094 725 2175 ηὕρηται
741 2094 766 2159 δ’
785 2099 854 2171 ἡμῖν
866 2093 930 2159 ὅσα
954 2095 1022 2174 χρη
1045 2095 1344 2171 οὶιιτιιαυπηγῆσο

1 2252 3 2257 ,
111 2210 164 2278 Sic
195 2213 290 2279 etiam
323 2213 434 2282 Valla:
472 2213 750 2299 „Excogitavimus
779 2219 948 2298 praeterea
978 2212 1045 2279 alia
1072 2232 1156 2296 quae
1187 2212 1222 2277 in
1244 2211 1344 2278 navib÷

113 2329 314 2399 aedificanda
345 2330 469 2399 forent''
492 2333 554 2398 nisi
577 2332 676 2412 lorte,
707 2338 743 2398 ut
764 2337 859 2417 putat
881 2331 1012 2415 Poppo,
1036 2330 1115 2397 satis
1139 2337 1216 2415 apte
1240 2351 1260 2396 a
1283 2327 1344 2394 Val

112 2449 208 2514 etiam
231 2471 290 2535 pro
311 2450 368 2515 ὅσοι
390 2450 556 2535 legebatur
578 2448 663 2515 ἄλλοι
686 2474 720 2515 τε
742 2447 815 2527 ὅσα,
845 2447 932 2533 quod
955 2446 1188 2516 Herwerdenus
1203 2448 1237 2514 in
1253 2452 1344 2514 textu

112 2567 242 2651 recepit.

155 2689 176 2768 ξ
200 2687 230 2749 3.
261 2679 336 2766 ᾧπερ
366 2684 502 2760 μάλιστα
533 2684 764 2769 ἕβλαπτδμεθα,
798 2683 825 2749 Β
849 2704 913 2750 uon
945 2684 1109 2768 eleganter
1141 2691 1217 2751 ante
1240 2682 1344 2760 μοὶλιπ1

110 2801 188 2886 legit
218 2802 268 2888 δή,
293 2802 382 2869 cuius
408 2801 587 2886 particulae
612 2801 779 2886 vestigium
804 2807 950 2884 superest
973 2800 1096 2866 nullum
1119 2801 1207 2885 apud
1232 2800 1344 2867 Vallan

111 2919 222 3003 quiin
244 2920 363 2986 talibus
386 2940 451 2985 non
474 2940 591 3004 magna
615 2941 687 2985 cum
710 2918 874 3003 diligentia
897 2924 947 2985 est
968 2924 1126 2985 versatus.

156 3037 231 3120 §4
262 3037 353 3122 Vulg.
382 3046 434 3112 τῆς
458 3046 515 3114 γῆς
635 3038 781 3115 πολεμίαις
804 3037 917 3112 οὔσης.
964 3036 1097 3102 Praeter
1119 3036 1205 3112 οὔσης
1228 3037 1255 3103 Β
1278 3036 1344 3102 etia]

113 3153 242 3221 exhibet
270 3155 476 3239 participium
506 3154 649 3221 futurum
679 3154 864 3240 ἐσομένης,
898 3154 984 3238 qnod
1009 3153 1104 3221 Valla
1126 3175 1255 3239 quoque
1279 3151 1344 3221 vidi

117 3293 233 3356 ,quum
257 3277 343 3337 terra
365 3271 476 3337 futura
499 3272 541 3337 sit
562 3271 714 3338 hostilis''.
757 3270 864 3338 Habet
888 3271 1010 3355 aliquid
1034 3292 1097 3355 quo
1122 3292 1155 3337 se
1179 3268 1344 3338 commend*

113 3389 265 3467 ἕσομέιηςι
293 3388 458 3470 „omnibus
481 3389 601 3456 viribus
623 3397 785 3457 certamen
807 3390 941 3469 ineatis,
966 3390 1071 3474 inquit
1097 3390 1224 3477 Nicias,
1247 3405 1344 3455 necess

114 3516 180 3588 est,
212 3513 244 3573 et
277 3512 315 3572 ut
345 3527 448 3591 neque
479 3507 541 3591 ipsi
571 3507 612 3573 ab
643 3507 751 3574 hostili
783 3508 885 3574 classe
908 3507 1104 3592 resiliamus,
1135 3529 1240 3592 neque
1262 3508 1328 3574 illos

114 3632 225 3692 nostra
257 3625 380 3691 resilire
414 3626 652 3711 permittamus,
687 3626 748 3692 hoc
783 3626 874 3692 nobis
910 3626 987 3691 utile
1022 3647 1093 3692 esse
1122 3632 1265 3707 constat,
1299 3623 1344 3710 qui

113 3762 313 3826 quocumque
337 3742 513 3828 effugeritis
536 3745 570 3811 in
592 3745 741 3812 hostilem
763 3745 925 3829 regionem
948 3745 1080 3812 venietis
1099 3746 1134 3831 ¹).

159 3978 264 4064 Caput
287 3980 330 4045 63
361 3984 381 4062 ξ
409 3982 436 4047 l.
469 3979 562 4065 Vulg.
594 3981 652 4062 χρη
767 3979 972 4059 ξυμπεσούσης
1004 3980 1045 4055 νηὶ
1077 3981 1143 4054 νεὼς
1174 3982 1216 4060 μη
1246 3980 1344 4062 προπερ

114 4096 212 4176 ἄξιοι
245 4097 423 4165 ἀπολύεσθαι
459 4100 476 4175 ἢ
510 4101 576 4172 τοὺς
610 4102 671 4165 απὸ
705 4106 755 4166 τοῦ
789 4099 928 4178 πολεμίου
962 4099 1215 4182 καταστρώματος
1250 4101 1344 4166 ὅπλὶτι

149 4368 177 4431 1)
195 4368 227 4417 cl.
244 4381 266 4416 c.
283 4364 316 4415 63
334 4365 346 4428 5
364 4363 376 4414 l
397 4371 447 4426 χρὴ
462 4361 496 4424 μὴ
513 4360 651 4428 ἐξωθεῖσθαι
669 4367 693 4421 lc
710 4360 797 4419 αιἰτιίν.
