3000 4920
718 318 783 391 103

111 563 264 631 ἃπιιντοι
365 562 735 648 ξονέιιοινοινιὶοιιντο,
751 559 1379 647 utrumquehauddubieecurrectione.

111 683 194 755 lllud
226 683 267 750 ub
298 704 411 751 sonum
441 683 546 750 minus
576 682 700 767 placet,
734 679 840 747 ferma
871 684 978 746 eutem
1009 680 1226 755 εἰιοινιονιὶοιινπο
1260 699 1382 764 nequa·

113 822 225 886 quam,
259 800 337 868 ferri
370 806 493 886 petest,
528 823 600 867 eum
634 799 776 868 medium
809 799 997 864 κοινονεῖοοοοι
1035 817 1076 864 ne
1110 801 1214 864 exstet
1243 796 1382 881 quidem.

114 917 223 993 Valla;
249 940 340 1002 ,cum
363 919 479 1005 quibus
502 919 610 986 omnia
633 919 763 1003 negotia
879 916 996 982 milites
1020 915 1083 983 sibi
1105 915 1287 982 communia
1310 934 1382 981 esse

115 1036 305 1105 uoluerunt’.

154 1156 237 1225 Ibid.
262 1156 356 1242 Vulg.
379 1155 432 1235 ἄν,
460 1168 482 1222 Β
507 1158 577 1234 loir,
600 1164 699 1224 reete.

156 1393 261 1480 Caput
284 1396 326 1461 76
348 1392 372 1485 ξ
394 1397 426 1464 2.
450 1394 543 1481 Vulg.
567 1396 595 1462 εἴ
613 1419 680 1462 τινοι
700 1394 1017 1461 ...ὑπώπτευον
1042 1391 1127 1460 Vera
1141 1392 1250 1459 Attica
1266 1390 1380 1459 forma.

117 1509 141 1576 Β
168 1533 240 1579 eum
269 1513 429 1581 nonnullis
452 1515 524 1581 aliis
557 1513 792 1580 ὑπετόπενον.
839 1510 950 1579 Valla:
980 1511 1027 1593 „si
1050 1530 1145 1594 quem
1168 1510 1381 1578 trierarchum

118 1637 291 1716 suspectum
315 1631 510 1699 habebunt''.

154 1746 231 1838 §t
263 1749 354 1835 Vulg.
384 1751 451 1824 τοὺς
479 1751 539 1833 γὰρ
561 1752 702 1825 emersus
725 1752 786 1817 οὶπὸ
808 1756 891 1834 σφῶν
913 1756 969 1816 τῶν
992 1750 1128 1816 πλειόνων
1151 1749 1199 1814 acl
1225 1751 1253 1822 ἕο
1277 1748 1380 1816 πάντοι

119 1867 351 1946 ποριμοιτέροιν
372 1869 609 1947 μεθεστάναι,
632 1891 708 1937 vera
731 1854 836 1936 lecti0.
882 1869 909 1934 B
933 1867 1075 1935 seleuce:
1100 1867 1329 1947 suprauiueret
1352 1869 1380 1934 cl

120 1987 337 2068 εὐπορώτεροι
379 1989 602 2056 ιιιιοιοποὶνοι.
647 1987 744 2056 Haud
783 1986 879 2054 dubie
918 1986 1077 2054 emblema
1120 1985 1268 2052 ducenda
1306 1990 1382 2052 sunt

119 2101 209 2170 rerba
237 2105 419 2186 ποριμώπεροι
448 2107 472 2172 οἱ
503 2107 700 2188 εὐπορώτεροι,
736 2126 818 2191 quae
847 2105 975 2191 proprie
1005 2105 1039 2170 in
1063 2103 1206 2188 margine
1229 2103 1380 2188 adpicta,

120 2218 226 2288 deinde
256 2222 361 2291 lucum
392 2246 486 2292 verae
508 2226 655 2293 lectionis
679 2231 841 2309 ceperunt
884 2224 975 2304 Quod
998 2222 1042 2288 ad
1067 2221 1240 2289 aatrcrotvar
1264 2223 1381 2290 attinet

118 2341 223 2407 ethic
252 2341 280 2407 Β
310 2342 481 2410 manifeste
511 2349 605 2411 errat
652 2342 746 2410 Vella
774 2348 878 2411 recte:
912 2348 1076 2423 „caeteros
1109 2341 1270 2409 exhortati
1306 2349 1381 2409 sunt

118 2478 183 2524 cum
214 2458 287 2526 aliis
316 2461 513 2546 rationibus,
547 2481 612 2528 nun
638 2461 754 2528 debere
777 2462 865 2546 ipsus
889 2461 994 2527 animo
1018 2458 1131 2526 labare
1156 2459 1243 2545 quod
1267 2460 1380 2528 civitas

115 2596 171 2644 sua
201 2577 333 2663 (οὑπῶνι
364 2586 401 2646 ut
430 2579 596 2647 Bekkerus
620 2580 770 2663 correxit)
794 2579 978 2646 defecisset:
1009 2585 1078 2645 tum
1101 2600 1175 2645 vero
1198 2578 1265 2659 his,
1289 2578 1379 2663 quud

114 2715 132 2762 a
161 2716 213 2777 se,
245 2697 359 2781 quiet
389 2698 499 2784 plures
522 2705 644 2778 essent,
669 2706 707 2765 et
738 2697 918 2767 omnibus
949 2698 1074 2783 magis
1104 2696 1379 2779 abundarent,

113 2812 186 2880 illa
216 2815 489 2884 secessisset’'.

156 2930 236 3022 §4
269 2933 363 3020 Vulg.
393 2937 449 3011 τοὶς
471 2962 505 3002 τε
535 2936 658 3010 ἄλλοις
690 2936 790 3009 πόλεις
817 2933 853 3001 ὧν
876 2936 1014 3018 ἄρχουσιν
1038 2937 1220 3014 οὶνοιμκοίοειν
1242 2938 1283 3002 το“ι
1307 2938 1380 3019 χρή-

109 3075 200 3130 μοιποι
318 3051 430 3120 διδόνοιι.
476 3055 598 3138 Urbes,
629 3077 712 3140 quae
743 3055 822 3123 dicit
851 3057 907 3128 τοὶς
931 3054 1047 3143 πόλεις,
1076 3063 1151 3123 sunt
1173 3076 1248 3141 eae,
1271 3052 1308 3121 ὧν
1330 3055 1379 3137 ἄρ-

109 3193 224 3252 χουσιν.
259 3169 384 3237 Idcirco
418 3179 610 3256 supervacui
645 3173 763 3251 ἄλλοις,
799 3176 886 3261 quud
916 3183 949 3243 et
976 3177 1064 3243 illam
1087 3174 1130 3242 ub
1154 3196 1284 3243 causam
1304 3177 1379 3262 jure

111 3288 267 3355 omissum
289 3293 340 3355 est
360 3289 394 3354 in
409 3290 453 3369 B,
477 3313 566 3373 cum,
584 3293 699 3377 quibus
715 3295 770 3368 τοὶς
786 3293 886 3368 ἄλλοις
902 3293 999 3366 πόλεις
1016 3314 1177 3380 opponere
1196 3293 1379 3373 debeamus,

109 3407 210 3475 urbes
232 3429 298 3476 non
327 3415 463 3479 exstent.
494 3413 573 3480 (lum
596 3413 623 3478 B
645 3413 725 3480 facit
746 3413 857 3481 Valla:
884 3434 999 3498 ,posse
1023 3434 1057 3481 se
1081 3413 1239 3498 civitates,
1263 3413 1379 3498 quibus

98 3532 316 3614 praeessent,
341 3528 499 3615 adigere''.

158 3643 240 3710 Ihid.
262 3645 353 3730 Vulg.
383 3642 400 3723 ἣ
431 3653 500 3728 παρ’
529 3649 690 3731 ἐλάχιστον
717 3645 784 3723 ἦλθε
806 3650 840 3716 τὸ
864 3655 919 3716 τῶν
941 3648 1097 3725 ’sensatus
1124 3648 1226 3728 κράτος
1250 3658 1303 3724 τῆς
1327 3651 1379 3715 θοι-

81 3813 83 3816 <
111 3758 246 3840 λοὶοοιρς,
282 3760 331 3829 ὅτε
366 3766 555 3853 ἐπολέμησεν,
592 3768 772 3849 οὶΦελέοθοιι,
807 3769 872 3840 τοὺς
904 3794 938 3834 τε
972 3769 1127 3845 πολεμίους
1159 3768 1192 3831 ἐκ
1213 3772 1265 3832 τοῦ
1289 3769 1379 3833 αὐτοῦ

113 3879 218 3960 χωρίον
248 3882 420 3956 abducetur.
466 3884 494 3949 B
524 3885 671 3969 pluribus
695 3887 728 3953 in
751 3887 848 3953 rebus
872 3885 1000 3972 differt3
1024 3891 1099 3953 ante
1122 3884 1189 3962 ἦλθε
1212 3885 1304 3952 addit
1326 3886 1378 3971 et,

113 3999 201 4084 quod
232 4021 297 4068 nun
326 4002 492 4088 displicet,
524 4009 561 4069 ut
589 4005 688 4070 etiam
710 4005 832 4090 majore
855 4025 925 4070 cum
950 4004 1056 4088 speeie
1079 4001 1213 4088 praebet
1234 4000 1379 4068 futurum

111 4121 293 4201 οέμννεΐοοοιι.
339 4122 429 4191 Sitne
452 4145 524 4190 eum
546 4124 573 4189 B
596 4124 774 4192 tollendum
796 4126 868 4201 τῶν,
893 4121 1054 4198 affirmare
1077 4141 1142 4186 non
1165 4119 1269 4187 ausim
1275 4145 1285 4199 ρ
1309 4141 1379 4205 per-

112 4261 203 4309 verse
234 4247 343 4309 autem
371 4262 432 4329 pru
455 4242 526 4325 παρ’
550 4243 664 4310 scribit
686 4268 750 4325 περ.
796 4242 922 4309 Graeca
945 4239 1072 4308 Vallem
1094 4260 1160 4307 uon
1181 4238 1379 4307 intellexisse

113 4367 269 4446 apparet:
296 4364 343 4444 „si
365 4361 453 4428 illinc
476 4362 604 4429 abirent
625 4361 719 4447 (legit
742 4382 814 4428 cum
828 4361 856 4427 B
871 4361 1034 4448 ὡρμῶντο),
1051 4359 1182 4429 Samum
1198 4378 1377 4445 superesse,
