3000 4920
756 317 821 384 120

153 564 312 636 vocabulo
336 569 497 654 perspicio
522 590 653 635 manum
677 569 876 636 correctoris.
909 568 943 635 Si
966 570 1051 635 enim
1075 590 1171 637 naves
1194 568 1269 634 illae
1285 567 1427 635 sedecim

152 687 188 753 in
221 687 465 774 Hellespontum
500 689 617 755 missae
652 687 685 754 dt
718 689 815 755 aliam
851 694 1072 772 semotamque
1104 689 1266 773 regionem
1301 694 1427 754 vastas

154 814 244 893 sent,
275 807 412 874 libenter
444 829 484 874 ex
506 807 533 872 B
557 808 732 894 reciperem
755 807 938 885 relativum
967 829 1052 874 nunc
1075 828 1149 874 vero
1173 829 1245 875 cum
1269 827 1369 874 naves
1393 806 1426 873 in

152 925 399 1012 Hellespontum
434 927 599 1012 profectae
629 928 803 1012 populatae
835 928 900 995 sint
930 934 1057 1013 partem
1081 926 1294 994 Chersonnesi
1323 925 1428 993 Thra-

153 1046 261 1131 cicae,
301 1047 395 1131 juxta
437 1044 554 1112 fretum
601 1046 680 1112 illud
720 1047 822 1133 sitae,
865 1067 1071 1131 nequaquam
1109 1043 1313 1131 probandum
1348 1051 1428 1130 puto

154 1165 352 1232 Vaticanum.

199 1402 306 1488 Caput
331 1404 395 1470 100
417 1400 442 1492 ᾖ
467 1402 496 1469 3.
521 1403 612 1489 Vulg.
636 1403 704 1481 ἅμα
720 1404 749 1470 δὲ
765 1451 773 1468 .
788 1455 795 1469 .
812 1454 841 1471 ..
859 1405 999 1484 ἐβούλετο
1023 1407 1070 1470 ἐπ’
1091 1406 1182 1479 αὐτὴν
1199 1403 1380 1476 πλεύσας..
1397 1454 1402 1468 .
1419 1455 1427 1470 .

153 1523 290 1602 ἐξελεῖν
314 1530 417 1604 recte;
447 1530 484 1590 ut
506 1525 604 1591 etiam
628 1525 738 1592 Valla:
758 1525 886 1613 ·„simul
909 1524 1036 1592 volebat
1059 1523 1093 1589 in
1116 1524 1251 1591 Eresum
1275 1524 1428 1610 navigare

245 1648 450 1728 erepturus
473 1664 545 1710 eam
569 1644 597 1710 si
620 1643 762 1729 posset’'.
797 1644 825 1709 B
848 1643 959 1711 etalii
982 1643 1056 1710 libri
1078 1643 1225 1709 nonnulli
1251 1662 1425 1729 perperam

156 1759 290 1837 ἐξελθεῖν.

200 1879 282 1948 Ibid.
307 1878 397 1965 Vulg.
422 1880 605 1961 προσέβαλον
628 1880 747 1965 πρώτῃ
770 1879 924 1963 Μηθύμνῃ.
959 1892 981 1945 Β
1005 1887 1159 1961 πρῶτον,
1190 1900 1255 1964 quo
1289 1880 1429 1948 vivacior

155 1997 192 2062 fit
224 1999 327 2066 oratio
357 1999 525 2083 magisque
557 2020 598 2065 ex
619 1999 794 2087 {scriptoris
818 2021 877 2065 usu
900 2004 949 2066 cst
971 1998 1091 2065 dictum
1114 1998 1156 2067 cf.
1180 2020 1207 2066 o.
1232 1999 1285 2066 44.
1331 1999 1428 2067 Valla

156 2118 330 2184 assentitur
353 2118 529 2184 Vaticano:
555 2118 712 2203 „primum
735 2118 841 2185 adorti
863 2117 992 2184 fuerant
1014 2116 1262 2204 Methymnam”.

199 2242 219 2321 5
243 2238 273 2303 4.
297 2236 391 2322 Vulg.
414 2239 527 2311 πάσαις
549 2245 618 2311 ταῖς
641 2238 750 2324 varab,
774 2243 878 2318 recte,
901 2243 938 2303 ut
960 2235 1070 2303 Valla:
1097 2256 1190 2317 „cum
1206 2239 1276 2304 tota
1292 2235 1427 2306 olasse”.

154 2370 176 2423 B
198 2361 283 2424 πῖοοι.

199 2477 281 2543 Ibid.
313 2474 406 2559 Vulg.
438 2477 656 2557 προαφιαμέοος
785 2470 827 2547 ἦν.
864 2473 976 2541 Valla:
1018 2472 1284 2555 ‚ant-ennom&
1325 2475 1364 2542 ln
1397 2476 1426 2542 B

155 2596 275 2682 injuria
297 2593 390 2662 abest
412 2592 454 2671 ἧι.

202 2716 285 2784 Ibid.
309 2716 400 2800 Vulg.
423 2713 471 2780 ἕπε
495 2715 626 2792 ἠγγέλθη
650 2717 748 2786 αὐτοῖς
773 2716 789 2789 ἡ
813 2719 868 2778 τῶν
890 2711 1034 2796 φυγάδων
1057 2710 1132 2789 αὕτη
1156 2712 1304 2791 διάβασις.
1327 2727 1350 2780 Β
1373 2717 1425 2799 ὥς,

157 2857 258 2920 quum
279 2840 417 2918 utraque
440 2832 600 2919 conjectio
624 2833 778 2916 quadret,
802 2832 842 2898 dc
866 2831 1064 2898 correctione
1081 2833 1187 2917 cogito
1203 2833 1238 2898 in
1253 2832 1291 2900 B.
1315 2833 1425 2900 Valla:

159 2955 256 3037 „dum
278 2954 308 3020 ei
324 2955 368 3040 (Ρ)
392 2951 432 3019 de
455 2952 517 3018 hoc
540 2951 669 3017 exulum
691 2952 830 3036 trajectu
853 2950 987 3018 allatum
1010 2950 1128 3019 esset’'.

198 3073 223 3165 ξ
246 3074 279 3140 5.
302 3073 398 3159 Vulg.
421 3071 471 3138 καὶ
495 3074 703 3150 Maleuentum
728 3069 754 3134 B
777 3069 896 3155 injuria
918 3067 1010 3137 addit
1032 3069 1211 3138 articulum.

202 3282 307 3368 Caput
331 3284 393 3347 101
418 3278 443 3370 ξ
468 3281 496 3345 1.
529 3279 621 3364 Vulg.
650 3280 682 3344 αἱ
713 3280 746 3343 ἐκ
776 3285 828 3353 τῆς
861 3279 945 3356 Χίους
981 3279 1008 3344 Β
1032 3284 1065 3344 et
1095 3280 1241 3354 nonnulli
1272 3281 1328 3348 alii
1351 3283 1427 3350 libri

157 3403 309 3471 omittunt
346 3400 535 3484 articulum3
578 3398 715 3489 injuria,
754 3418 826 3463 cnm
864 3418 961 3463 naves
1000 3397 1098 3465 hasce
1133 3399 1202 3484 jam
1238 3404 1429 3470 memorarit

156 3521 344 3606 scriptore.
377 3521 420 3585 99
451 3517 524 3600 fin,
547 3521 585 3584 ut
608 3514 750 3583 Stahlius
781 3515 885 3584 docet.

199 3640 224 3732 ἓ
248 3644 279 3708 2.
304 3640 398 3725 Vulg.
421 3636 688 3720 subportationem
711 3638 763 3712 τὴν
788 3636 926 3715 Κυμαίαν
948 3643 1180 3719 περαιοῦνται
1204 3641 1233 3704 ἕο
1256 3639 1429 3722 Ἀργινούσ-

155 3790 237 3846 σαις
267 3763 314 3830 sic
346 3782 456 3828 omnes
483 3759 558 3825 libri
592 3765 726 3843 excepto
760 3757 869 3825 codice
905 3778 970 3823 uno
993 3759 1112 3846 pej0ris
1136 3766 1233 3829 notae
1264 3764 1339 3849 (E),
1372 3766 1428 3850 qui

155 3904 327 3969 perperam
360 3880 494 3967 praebet
527 3879 778 3951 δειπνοποιοῦιπες.
824 3876 964 3944 Maxime
998 3880 1213 3949 memorabilis
1244 3887 1295 3950 est
1326 3882 1428 3953 locus.

155 4005 300 4090 Apparet
323 4006 506 4086 περαιοῦιπαι
532 3999 566 4065 in
585 4002 736 4066 contextu
758 3997 886 4065 omnino
905 4019 969 4064 non
989 4000 1168 4085 quadrare,
1192 4020 1297 4088 neque
1316 4009 1429 4072 nmen

156 4144 232 4191 vera
261 4121 422 4206 scriptura
452 4140 492 4186 ne
516 4140 536 4185 a
559 4118 700 4186 secunda
727 4117 855 4202 quidem
879 4138 977 4184 manu
997 4117 1032 4184 in
1054 4117 1137 4204 libro
1160 4119 1225 4187 ullo
1248 4119 1425 4193 invenitur.

157 4241 322 4308 Sincernm
358 4244 465 4306 autem
503 4239 811 4304 δειπνιποιοῦιπαι
850 4236 943 4303 nobis
978 4237 1115 4304 servarit
1153 4238 1249 4307 Valla
1282 4247 1425 4312 vertens:

164 4359 324 4447 „provecti
348 4379 437 4426 oram
460 4357 656 4444 Cumanam,
680 4377 854 4424 coenaverc
878 4355 911 4421 in
939 4354 1156 4443 Arginussis''.
