3000 4920
799 303 842 378 38

188 548 301 615 Valla:
325 546 455 632 „Neque
478 546 562 613 enim
581 547 651 633 jam
673 547 719 614 eis
743 547 787 614 de
811 547 935 615 salute
959 549 1064 635 sual)
1087 548 1238 616 tuenda«
1254 566 1334 616 cura
1356 548 1459 617 erat'·

188 665 278 752 Opus
301 687 365 734 non
388 672 437 734 est
461 666 620 734 disserere
643 667 683 733 de
700 665 771 733 Vat.
788 677 820 734 ct
835 666 948 736 Vallae
971 669 1189 754 praestantia,
1214 689 1287 734 cum
1306 669 1357 735 rel
1374 689 1457 737 sana

185 788 271 856 ratio
301 787 464 874 vulgatam
491 787 667 854 convincat.
702 786 812 854 Verba
834 788 919 855 enim
942 787 1077 856 laudata
1099 789 1270 875 quominus
1293 788 1334 856 de
1357 789 1457 856 Athe-

185 907 350 974 niensibus
374 907 587 993 accipiantur,
612 906 721 973 obstet
744 906 847 973 altera
871 908 1049 974 sententiae
1073 929 1166 994 pars:
1194 908 1280 976 οὶιικοὶ
1304 909 1356 974 καὶ
1379 906 1455 981 ὅσοι

186 1028 307 1100 ἐκείνους
332 1027 500 1110 κωλύσωσι,
523 1025 683 1106 νομίζοντες
694 1074 795 1103 .....
824 1026 847 1090 εἳ
871 1026 998 1092 δύναιντο
1022 1036 1167 1105 sparsione
1185 1026 1343 1102 Ἀθηναίων
1357 1053 1392 1093 σε
1408 1027 1456 1094 sal

185 1153 241 1213 τῶν
270 1144 441 1226 ξυμμάχων
471 1144 520 1210 καὶ
543 1145 625 1211 κοινοὶ
648 1154 706 1222 γῆν
728 1146 779 1209 xci
802 1146 884 1212 κοινοὶ
908 1146 1074 1232 θοίλοισσοιν,
1097 1149 1189 1213 κοιλὸν
1209 1147 1312 1231 σφίσιν
1336 1148 1367 1220 ἔς
1389 1146 1456 1220 τοὺς

182 1266 335 1342 ‘Etutam
358 1264 392 1330 cd
415 1264 574 1342 ἄνωνισμοο
597 1265 772 1347 Φκνεῖσθοιι.·

230 1521 337 1609 Caput
359 1522 401 1588 57
434 1527 455 1605 5
481 1525 507 1587 1.
531 1521 621 1606 Vulg.
646 1519 796 1602 ἑκάστοις,
819 1521 846 1586 Β
869 1521 954 1589 idem
976 1520 1092 1607 refert,
1116 1521 1173 1588 sed
1196 1523 1456 1608 superscriptum

183 1641 317 1720 ἕκοωτοι,
340 1662 425 1726 quae
449 1661 524 1707 vera
546 1646 596 1708 est
617 1640 721 1707 lectio.
767 1640 816 1707 De
839 1640 936 1707 Valla
958 1639 1037 1707 nihil
1062 1646 1198 1708 constat.

227 1762 308 1828 Ibid.
331 1761 421 1848 Vulg.
445 1760 563 1844 cirolyup
586 1766 691 1845 recte,
714 1773 736 1826 Β
759 1760 903 1839 circipene.

228 1885 249 1965 5
272 1880 302 1946 4.
326 1878 416 1965 Vulg.
442 1878 501 1944 ἀπὸ
524 1878 553 1944 δὲ
576 1879 666 1955 νήσων
688 1885 764 1945 Κεῖοι
788 1879 838 1944 acl
856 1878 982 1959 ’Ἄνδριοι
1006 1879 1056 1945 κοοὶ
1081 1880 1184 1957 Τήϊον,
1217 1879 1245 1944 Β
1268 1882 1358 1946 recta

183 2000 288 2075 Τήνιοι.
312 1998 422 2066 Valla:
450 1999 510 2081 „ab
534 1997 648 2065 insulis
673 1996 745 2078 Cei,
769 1998 906 2079 Androm,
930 1998 1007 2065 Teii.

201 2198 203 2202 v
226 2119 307 2185 Cum
330 2118 411 2185 Teos
434 2117 541 2183 insula
564 2121 669 2184 exstet
690 2117 796 2197 nulla,
820 2116 926 2186 Tenos
948 2123 1055 2185 autem
1078 2118 1162 2184 inter
1186 2115 1345 2202 Cyclades
1365 2118 1452 2184 inve·

181 2237 299 2318 niatur,
327 2237 402 2323 jure
430 2235 513 2303 liber
543 2236 571 2301 B
602 2236 681 2320 legit
702 2237 817 2317 Τήνιοι,
846 2235 931 2321 quod
956 2235 1109 2302 debemus
1132 2235 1305 2303 correctori
1322 2236 1371 2323 2),
1395 2237 1450 2323 qui

181 2354 400 2442 praemonitus
423 2353 528 2421 verbis
551 2354 612 2419 οὶνιο
635 2354 664 2419 δὲ
687 2355 777 2429 νήσων
798 2353 905 2420 Iocum
928 2355 1062 2420 sanavit.
1099 2353 1146 2420 De
1169 2353 1395 2422 emendatione
1416 2361 1452 2423 ut

180 2475 354 2561 cogitemus
378 2473 494 2540 suadet
516 2471 536 2538 l.
552 2472 633 2538 VIII
649 2494 676 2539 c.
701 2474 742 2538 69
766 2470 790 2562 5
814 2473 852 2559 3,
884 2472 948 2539 ubi.
963 2473 1105 2540 eiusdem
1128 2471 1253 2540 insulae
1275 2473 1400 2540 incolas
1424 2461 1470 2539 ss'

180 2614 349 2679 perperam
373 2592 518 2677 appellat
539 2593 647 2672 Τήιοι,
664 2591 828 2678 negligens
844 2592 957 2659 tollere
973 2592 1137 2672 mendam,
1155 2613 1220 2677 qua
1231 2591 1325 2658 Valla
1342 2599 1450 2662 vacat.

225 2718 244 2799 5
268 2714 298 2780 4.
321 2713 413 2798 Vulg.
437 2708 513 2789 ὅμως
534 2711 630 2783 Ἴωνές
654 2737 709 2788 τε,
734 2723 756 2776 Β
783 2710 860 2788 ὅμως
878 2709 975 2783 Ἴωνές
999 2734 1046 2788 γε.
1075 2709 1172 2777 Valla
1194 2709 1274 2776 nihil
1297 2709 1395 2778 docet
1413 2712 1453 2778 de

178 2834 267 2900 varia
289 2832 443 2912 lectione;
467 2831 696 2899 consuetudine
720 2852 779 2897 sua
801 2855 840 2908 νε
863 2852 928 2897 non
951 2829 1110 2915 expressit
1125 2830 1164 2917 ⁸).

223 2952 302 3043 56.
334 2952 425 3038 Vulg.
456 2953 504 3017 ἐπὶ
534 2963 574 3018 Λ.
609 2950 690 3016 ὅσον
723 2951 862 3033 ἔφερον,
895 2950 1133 3032 Βὲιιέφεοον,
1166 2949 1254 3033 quod
1284 2949 1380 3035 vulgo
1414 2948 1453 3015 de

179 3074 278 3158 signis
301 3071 476 3139 inferendis
500 3075 683 3156 usurpatur.

223 3198 244 3278 5
269 3194 297 3260 7.
320 3192 411 3278 Vulg.
445 3198 500 3257 τῶν
530 3217 569 3257 σε
599 3191 661 3271 περὶ
693 3190 908 3266 Πελοπόννησον
939 3195 1080 3266 νησιωτῶν
1102 3195 1298 3273 Κεφκλλῆνες
1321 3189 1379 3268 μὲν
1402 3189 1453 3256 καὶ
1467 3208 1485 3243 ’-

177 3313 340 3394 Ζοικύνθιοι,
372 3325 394 3378 Β
424 3318 480 3377 σῶν
511 3311 547 3376 δὲ
578 3310 641 3389 περὶ
672 3312 733 3376 κτὲ.
780 3308 860 3376 (lum
890 3310 1020 3396 vulgata
1049 3316 1137 3377 recte
1167 3309 1264 3387 lacit,
1287 3310 1323 3376 ni
1345 3309 1480 3388 fallou·,''¹

177 3432 288 3500 Valla:
316 3432 559 3514 „Insulanorum
582 3451 709 3516 quoque
732 3431 818 3498 circa
841 3430 1095 3515 Peloponnesum
1111 3435 1203 3496 erant
1219 3428 1452 3527 Cephallenses
1483 3404 1492 3509 ,Ῑ

181 3559 298 3637 „atque
321 3549 519 3638 Zacynthii'.
1483 3516 1492 3585 i

222 3669 300 3761 58.
324 3670 416 3756 Vulg‚
446 3670 496 3736 acl
527 3672 552 3735 oi
582 3672 738 3746 Mercatura
770 3675 818 3735 νῦν
847 3667 1017 3746 καλούμενοι
1048 3670 1082 3734 ἕν
1112 3667 1320 3749 Νοιυποὶκτῳ
1345 3669 1396 3733 roal
1419 3671 1463 3734 ἐκ

179 3880 421 3892 -—--

210 4011 341 4077 1)Αιἰσός
358 4027 373 4062 a
390 4010 465 4061 Valla
481 4011 637 4075 pronomine
654 4008 777 4061 rellexivo
793 4008 926 4060 redditum
943 4022 1014 4074 csse,
1033 4007 1160 4059 discimus
1177 4008 1268 4059 eadem
1283 4009 1450 4075 paragrapho

178 4113 206 4162 in
229 4110 315 4163 rachis
338 4106 381 4157 κοιῖ
399 4105 474 4159 adro?
494 4104 614 4171 δόξοντες
631 4103 708 4154 alcior
726 4102 810 4154 οντων
827 4099 902 4170 οἶνοι,
920 4118 989 4168 quae
1007 4104 1085 4154 vertit
1103 4103 1190 4154 Vallaz
1215 4102 1315 4167 „Cuius
1334 4104 1398 4155 lacti
1416 4119 1451 4156 se

176 4212 297 4259 auctores
313 4220 371 4270 sqq.

210 4302 238 4368 Β)
256 4301 323 4353 cont.
340 4300 420 4367 prael.
438 4314 497 4366 pag.
514 4297 558 4350 VI.

209 4396 237 4464 Β)
255 4397 282 4449 cl
305 4396 354 4450 VII
371 4395 414 4462 ll,
434 4394 457 4448 l.
474 4393 519 4458 It,
537 4391 566 4458 l,
585 4391 630 4459 28,
651 4388 668 4442 3
685 4392 750 4461 (bls)
767 4390 812 4460 40,
830 4389 847 4443 Β
864 4395 890 4442 et
907 4391 988 4458 prael.
1005 4404 1063 4460 pag.
1080 4389 1124 4444 VI.
