3000 4920
730 319 773 391 91

110 557 217 638 μένους
246 561 375 626 σπονδῶν
404 560 506 642 ᾔσθετο
535 565 592 625 τῶν
621 559 852 634 Πελοποννησίων
882 558 1004 643 primus
1034 557 1095 625 fuit
1117 558 1287 625 Herbstius
1309 550 1385 643 qud,

111 677 270 745 Classeuo
301 677 493 764 plaudente,
523 678 564 743 de
591 676 758 743 Alcibiade
789 677 958 762 acceperit
1004 676 1130 742 Nedum
1160 697 1292 760 urgeam
1316 697 1385 743 ver·

111 795 230 864 borum
253 797 361 864 locum
383 817 461 863 sane
483 797 589 863 minus
611 803 724 881 aptum
746 802 822 880 post
842 795 1080 881 praecedentia,
1103 795 1138 860 in
1160 793 1276 880 quihus
1287 795 1383 861 modo

112 915 156 982 ds
187 915 405 1000 Tissapherne
438 935 543 981 sermo
576 919 643 992 est,
672 913 854 979 contrariae
877 913 1036 997 opinionis
1060 912 1286 980 documentum
1309 933 1387 998 sup-

112 1032 283 1117 peditatur
304 1032 340 1097 iu
363 1035 393 1096 ἒν
416 1030 435 1113 ᾖ
456 1035 506 1096 τὸν
528 1037 580 1096 τοῦ
602 1031 793 1107 Ἀλκιβιάδου
815 1031 904 1107 λόγον
927 1029 1060 1111 πρότερον
1082 1031 1224 1112 εἰρημένον
1247 1029 1311 1109 περὶ
1336 1036 1387 1095 τοῦ

113 1154 278 1233 ἐλευθεροῦν
308 1154 376 1224 τοὺς
400 1152 645 1228 Λουεδουμονόους
667 1150 792 1222 dudm
814 1152 871 1223 τὰς
894 1152 992 1223 πόλεις
1014 1151 1207 1226 motem
1229 1151 1244 1215 ό
1267 1151 1388 1230 Λόχοις,

114 1273 152 1337 in
175 1270 294 1355 quibus
316 1272 345 1339 si
367 1270 539 1338 Herhstius
561 1292 635 1337 vera
657 1270 836 1349 docuisset,
859 1269 946 1335 haud
968 1268 1064 1335 dubie
1087 1290 1152 1336 non
1174 1275 1226 1334 τοῦ
1250 1267 1389 1344 Ἀλκιβι-

116 1391 188 1456 άδου
221 1390 279 1456 sed
310 1391 415 1456 imai
438 1389 552 1456 fnisset
573 1388 788 1456 scribendum.
834 1388 994 1472 Sequitur,
1017 1395 1055 1455 ut
1080 1388 1180 1455 rerba
1202 1410 1223 1454 a
1245 1408 1296 1454 me
1318 1386 1389 1453 lau·

116 1508 200 1575 data
236 1507 276 1575 de
306 1507 530 1592 'I'issaphernis
559 1506 722 1592 cogitandi
756 1507 937 1591 agendique
970 1507 1150 1574 rationibus
1180 1506 1390 1592 intelligenda

117 1627 197 1694 sint.
232 1625 302 1711 Age
320 1627 410 1710 jam,
433 1624 576 1690 videmus
598 1624 683 1690 iuter
706 1645 840 1704 causas,
865 1631 999 1709 propter
1023 1645 1104 1709 quas
1119 1624 1391 1691 Lacedaemonios

118 1746 184 1814 sihi
206 1747 368 1830 denegare
389 1743 487 1810 fidem
514 1740 645 1809 nolebat
667 1741 915 1826 Tissaphernes,
938 1741 1023 1807 hanc
1046 1740 1164 1828 fuisse,
1187 1741 1275 1826 quod
1299 1741 1391 1809 Pelo-

117 1865 285 1952 ponnesiis
318 1865 389 1948 jam
418 1861 618 1928 Therimenis
647 1880 761 1945 paoem
792 1859 992 1926 stomachum
1024 1861 1160 1928 movisse
1190 1862 1391 1928 animadver-

117 1983 215 2050 tisset
243 1981 400 2064 ideoque,
430 2000 503 2044 cum
533 1976 682 2044 fortiores
713 1981 838 2064 essent,
864 1997 919 2044 eos
942 1978 1038 2063 plane
1061 2000 1082 2044 a
1105 2001 1140 2046 se
1163 1980 1305 2047 alienare
1328 1981 1392 2048 hoc

119 2100 252 2186 quidem
276 2105 397 2184 puncto
419 2096 575 2183 temporis
598 2117 616 2162 e
638 2117 674 2162 re
697 2117 756 2163 sua
785 2117 850 2164 uon
872 2118 951 2164 esse.
996 2098 1093 2166 Valla
1114 2105 1203 2166 recta
1227 2100 1260 2165 ni
1274 2099 1387 2167 fallor:

120 2219 306 2305 cupientem
329 2221 457 2301 tamem
480 2215 508 2281 si
528 2234 594 2298 quo
616 2220 712 2298 pacto
735 2220 863 2301 posset,
887 2215 950 2281 sibi
970 2215 1083 2284 haberi
1104 2217 1230 2286 fidem''.

164 2336 252 2403 Ibid.
283 2333 379 2418 Vulg.
409 2337 497 2399 recte
526 2331 652 2403 οἱπόσοος
682 2333 738 2404 τοὶς
768 2330 877 2405 πόλεις.
910 2331 1021 2401 Valla:
1058 2341 1211 2415 „cunetas
1234 2337 1392 2406 civitates.

121 2458 149 2523 Β
170 2457 230 2529 τοὶς
252 2454 380 2526 ἀποίνοις
402 2459 511 2525 πόλεις.

96 2710 104 2725 ‘
166 2693 276 2778 Caput
298 2692 343 2758 53
366 2690 390 2780 ξ
413 2693 442 2757 2.
474 2689 568 2774 Vulg.
600 2691 889 2770 μαρτυρομένων,
921 2711 962 2757 ex
991 2713 1053 2758 usu
1084 2694 1250 2780 scriptoris
1281 2717 1302 2762 a
1328 2717 1393 2781 quo

124 2813 265 2880 alienum
290 2816 341 2877 est
362 2809 672 2888 μαρτυρουμένων,
695 2809 784 2891 quod
806 2813 856 2874 est
876 2808 912 2874 in
933 2810 971 2875 Β.

166 2929 250 2995 Ibid
281 2926 374 3012 Vulg.
409 2929 504 3005 ἦρώποο
535 2924 586 2990 ἕνα
616 2922 739 2990 ἕκαστον
768 2928 882 2991 αὐτῶν
912 2928 1056 3005 παράγων
1084 2934 1141 2995 τῶν
1170 2932 1392 3010 ἀντιλεγόντων.

121 3049 261 3134 Propter
294 3053 352 3111 τῶν
384 3044 597 3122 ἀντιλεγόντων
629 3043 751 3111 insulse
782 3043 927 3111 abundat
956 3047 1070 3132 αὐτῶν,
1099 3050 1185 3132 quod
1207 3051 1235 3116 B
1258 3053 1393 3132 omittit,

121 3185 229 3252 neque
252 3164 355 3231 tradit
375 3164 422 3229 B:
446 3162 611 3247 „singulos
634 3161 919 3228 contradicentium
941 3164 1224 3246 percontabatur''.

165 3285 252 3352 Ibid.
288 3281 382 3366 Vulg.
416 3280 450 3355 ἤν
480 3280 559 3364 (sive
588 3277 637 3368 ἦν)
665 3305 746 3345 πονοι
776 3281 884 3345 ἐλπόδοι
906 3281 981 3363 ἔχει.
1019 3281 1150 3351 Praetat
1171 3287 1199 3352 Β
1221 3289 1244 3352 ἓν
1267 3313 1394 3357 τινοιν

122 3404 221 3470 Valla
243 3400 400 3467 relatum:
426 3419 607 3482 „ecquam
629 3419 719 3484 spem
834 3397 1025 3467 haberent”.

165 3519 192 3611 ξ
215 3523 237 3586 3
261 3517 355 3602 vulg.
378 3516 498 3582 rectius
520 3514 607 3581 ὁπότε
629 3516 660 3581 δὲ
684 3537 782 3599 quam
805 3515 832 3581 B
855 3517 941 3584 ὁπότε
964 3518 1009 3593 δή.

166 3637 254 3704 Ibid.
288 3634 380 3718 Vulg.
413 3635 540 3698 ε’νππῖνόοο
569 3632 609 3707 tt
640 3639 745 3717 τιφῶς
780 3634 884 3711 ἔλεγεν
913 3640 1013 3710 αὐτοῖς
1036 3637 1137 3704 multo
1161 3639 1394 3724 significantius

121 3776 223 3841 quam
253 3752 404 3818 Vaticani
432 3751 494 3826 ἤδη.
539 3749 634 3817 Vulla
662 3751 697 3815 ia
727 3751 903 3819 minoribus
932 3754 996 3820 illis
1026 3757 1188 3823 vocabulis
1221 3760 1394 3830 reddendis

121 3873 212 3941 haud
244 3890 395 3954 magnam
424 3868 535 3953 posuit
563 3887 695 3953 operam
728 3877 901 3959 nostroque
939 3874 1010 3940 loco
1038 3876 1117 3942 nihil
1143 3878 1283 3960 rettulit,
1314 3902 1395 3965 quo·

123 3994 211 4060 circo
234 3988 304 4056 fers
327 3991 454 4054 constat
475 4007 548 4052 eum
571 3987 688 4054 vidisse
709 3987 761 4068 δή,
785 4009 857 4056 cum
880 3991 931 4069 ἤδη
955 3992 1035 4077 quid
1059 4003 1145 4064 esset
1169 3997 1221 4063 vix
1243 3997 1393 4082 ignorare

123 4112 247 4196 posset

168 4225 254 4292 Ibid.
279 4221 374 4304 Vulg.
398 4219 448 4285 κον)
471 4221 532 4299 μή,
555 4226 642 4287 recte
664 4243 724 4308 pro
746 4225 796 4290 mi
819 4227 878 4302 μὴν
901 4247 942 4293 ex
964 4228 1002 4294 B.
1038 4228 1133 4299 Valla
1143 4260 1172 4313 „2
1196 4233 1263 4301 ne'’.
1302 4232 1395 4312 Quod

125 4352 237 4414 autem
274 4341 302 4406 B
339 4340 374 4404 in
403 4339 548 4424 proxime
578 4343 784 4426 sequentihus
818 4366 878 4429 pro
912 4347 1041 4432 vulgata
1075 4353 1295 4431 ἐβουλεόσονρεν
1330 4355 1395 4421 sire

1264 4470 1297 4520 7*
