2962 4912
725 301 770 366 82

158 535 265 619 Caput
289 537 341 602 43.
365 543 386 621 ξ
406 541 431 604 l.
456 538 549 623 Vulg.
572 539 620 603 ἐπὶ
644 540 697 616 μὲν
721 542 755 606 τὸ
778 542 806 605 ἐν
831 551 866 623 τῇ
889 541 978 621 Katre
998 543 1130 607 νονυπνκὸν
1150 545 1209 624 οὐχ
1230 545 1384 623 ὁρμίσαν-

113 681 181 729 τες.
206 658 307 725 Unice
330 680 437 724 rerum
462 661 681 740 ὁρμήσαντες
698 662 742 740 Β,
765 661 817 726 cui
834 662 992 728 consentit
1010 662 1121 729 Valla:
1149 683 1268 747 „quum
1283 684 1384 749 neque

113 775 301 842 invaderent
322 778 385 863 ipsi
409 777 573 846 classem.''

156 894 235 960 lbid.
261 894 350 981 Vulg.
375 897 525 975 Λωρύμοις
547 905 606 970 τοῖς
623 899 651 962 ἕν
667 907 704 980 τῇ
720 898 823 979 ἠπείρῳ
846 898 1119 979 προσβαλοντες
1144 900 1338 967 tarraconen
1356 905 1382 975 ἐς

112 1015 164 1087 τὴν
196 1017 308 1092 Σάμον.
344 1027 366 1081 Β
398 1017 730 1097 προσπλεύσαντες,
759 1019 827 1103 jam
851 1018 1058 1104 rejiciendum
1087 1019 1127 1085 ob
1154 1040 1292 1105 sequens
1314 1021 1382 1086 εἰπέ·

114 1148 256 1220 πλευσσιν,
296 1136 381 1201 uude
417 1137 514 1203 etiam
549 1137 732 1222 corruptela
765 1139 919 1224 originem
956 1138 1085 1205 duxisse
1119 1139 1256 1206 videtur.
1295 1140 1384 1207 Valla

113 1253 239 1338 pulcre:
267 1254 434 1342 „Lorymis
457 1257 491 1322 in
515 1257 698 1324 continente
722 1260 935 1344 oppugnatis,
959 1258 1125 1326 redieruut
1148 1258 1309 1326 Samum.’'

158 1373 176 1462 ᾖ
200 1376 229 1439 2.
252 1374 343 1458 Vulg.
373 1374 492 1441 ἅποοσννν
524 1376 549 1441 δ’
582 1377 633 1454 ἤδη
665 1374 746 1442 οὖσαν
778 1379 806 1442 ἕν
838 1388 876 1460 τῇ
907 1378 996 1460 Κνίδῳ
1019 1378 1050 1444 ai
1073 1385 1129 1444 πῶν
1151 1380 1384 1457 Πελοποννησίων

114 1504 185 1578 νῆες.
221 1495 265 1572 Β,
290 1497 345 1580 qui
369 1495 455 1563 solus
477 1497 588 1564 inserit
610 1495 679 1574 epe
701 1503 777 1582 post
799 1494 900 1584 οὖσαν,
924 1498 1043 1584 probat
1065 1498 1242 1566 Classcnus
1259 1507 1383 1567 contra·

113 1616 238 1682 dicente
268 1615 499 1683 Herwerdeno:
535 1616 612 1696 „sed
643 1617 700 1682 Th.
732 1617 909 1685 addidisset
939 1618 1048 1703 potins
1079 1619 1161 1697 ὁμοῦ,
1188 1619 1297 1687 codem
1323 1619 1384 1687 loco

112 1734 166 1818 (cf.
184 1736 225 1800 ad
240 1736 280 1819 4,
306 1736 366 1821 30,
393 1736 443 1820 4),
468 1735 647 1821 quodderi
670 1742 836 1821 potestat
859 1737 1077 1822 reponendum
1101 1736 1170 1804 sit.”
1202 1737 1298 1806 Valla
1313 1760 1384 1805 num

112 1853 226 1921 viderit
251 1854 400 1921 Vaticani
424 1856 592 1922 lectionem
623 1855 798 1942 dijudicare
825 1877 890 1923 nou
925 1856 1044 1923 ausim:
1082 1861 1218 1943 „coacta
1250 1857 1294 1924 ad
1317 1857 1384 1923 Gni-

112 1974 187 2039 dum
212 1975 297 2040 omni
322 1974 479 2041 clasee.''·

157 2098 178 2176 ξ
202 2092 230 2158 3.
269 2093 440 2160 Librorum
462 2093 609 2179 plerique
633 2095 784 2160 omittunt
807 2093 873 2158 οὔτε
896 2093 951 2165 τὰς
975 2093 1157 2179 Χαλκιδέως,
1182 2114 1268 2178 quae
1292 2095 1384 2163 Valla

112 2213 256 2278 rettulit:
292 2234 433 2299 „negare
463 2213 595 2280 foedera
626 2212 708 2279 bene
738 2212 819 2278 inita
850 2218 917 2278 tam
947 2232 969 2279 a
997 2210 1208 2278 Chalcideo
1240 2233 1383 2296 quama

113 2329 312 2397 Theramene
336 2330 434 2398 esse.’'

157 2451 177 2528 ξ
208 2449 238 2515 4.
271 2449 361 2535 Vulg.
397 2451 497 2529 ἕπεὀονς
527 2448 573 2516 οὖν
596 2450 710 2516 ἐκέλευε
732 2450 867 2527 βελτίους
892 2449 1081 2534 σπένδεσθπν,
1105 2449 1222 2533 quibus
1247 2449 1274 2515 B
1297 2450 1384 2516 addit

112 2567 261 2645 ξννοήκοις.
307 2569 437 2636 Invictis
470 2571 667 2654 argumentis
700 2570 868 2636 ostendere
899 2569 982 2636 sitne
1009 2567 1150 2645 ξυνθὴκνς
1174 2590 1251 2636 vera
1274 2591 1383 2636 manus

112 2710 154 2754 an
178 2688 352 2774 emblema,
378 2689 517 2757 difficilis
541 2712 619 2756 sane
643 2696 676 2756 et
698 2690 765 2757 fere
788 2687 1018 2756 inextricabilis
1042 2694 1093 2756 est
1116 2688 1275 2772 quaestio.
1298 2688 1383 2767 Quae

112 2827 133 2871 a
163 2805 316 2873 Classcnc
350 2808 391 2872 ad
424 2807 579 2874 tuendum
604 2807 794 2874 Vaticanum
827 2811 902 2872 sunt
932 2805 1034 2872 allata
1062 2827 1113 2872 me
1137 2806 1247 2891 judice
1269 2805 1385 2872 relellit

112 2923 361 2991 Heruerdeuus:
398 2925 559 3011 ,ξυνοήκοις
595 2927 681 3011 quod
704 2926 827 3010 recepit
849 2925 913 3001 cl,
947 2924 1003 3008 qni
1026 2925 1241 3009 contendens,
1267 2925 1383 2991 omisso

73 3103 75 3106 ,
112 3042 312 3110 substantivo
344 3050 377 3110 et
400 3046 511 3113 audito
534 3067 552 3112 e
575 3045 774 3131 praegressis
797 3044 922 3115 σπονδάς
947 3041 1164 3108 necessarium
1189 3063 1260 3109 esse
1283 3044 1382 3123 σρνσσς

112 3181 171 3244 pro
202 3164 318 3245 ἑτέροις,
350 3166 517 3232 immemor
547 3166 610 3232 luit
640 3165 825 3249 saepissime
857 3161 948 3242 ἕτερον
976 3182 1039 3227 uon
1064 3162 1224 3228 diversum
1248 3182 1320 3228 esse
1343 3162 1382 3228 ab

112 3278 232 3352 dracr.”
264 3284 410 3368 Apparet
433 3291 539 3352 autem
563 3285 624 3351 etsi
648 3289 722 3351 ruat
744 3302 875 3349 necesse
899 3285 948 3346 est
972 3279 1117 3346 Classeni
1141 3288 1382 3366 argumentum,

112 3400 253 3484 spuriam
278 3410 427 3470 naturam
451 3405 536 3471 vocis
559 3405 699 3470 nondum
723 3423 744 3469 a
766 3402 832 3469 riro
858 3400 952 3467 docto
977 3401 1099 3467 Batavo
1115 3419 1185 3466 esse
1201 3400 1383 3484 probatam.

112 3517 206 3586 Valla
237 3542 335 3606 supra
366 3523 422 3593 rate
453 3524 578 3595 σπονδὰς
610 3522 711 3590 refert
736 3542 812 3587 voce
838 3517 1023 3608 „foedera”
1046 3521 1157 3583 nostro
1181 3524 1292 3584 tamen
1314 3518 1384 3587 loeo

111 3637 219 3704 vertit:
246 3639 376 3725 „itaque
398 3641 511 3726 jubere
536 3641 617 3708 alias
640 3641 722 3706 inire
742 3637 938 3728 pectionee.’'
976 3639 1004 3703 Ε
1027 3636 1144 3720 quibus
1167 3658 1208 3703 ne
1230 3639 1310 3722 quid
1326 3660 1383 3725 pro

112 3761 198 3821 certo
232 3757 372 3825 deducas
404 3760 444 3824 ad
476 3759 644 3826 lectionem
676 3757 933 3826 constituendam
963 3777 1098 3836 moneo,
1130 3776 1202 3821 cum
1233 3778 1261 3822 c.
1286 3759 1328 3825 37
1353 3764 1384 3824 et

112 3874 154 3937 38
189 3872 329 3950 inclinas
365 3876 460 3943 modo
498 3877 677 3956 „loedera’',
713 3877 808 3944 modo
844 3874 1046 3961 „pactiones”
1078 3875 1120 3940 sit
1150 3876 1383 3960 interpretatus

111 3990 212 4056 Valla.
249 3992 330 4071 Quin
354 3994 418 4061 imo
441 4000 478 4061 ut
499 3996 689 4062 vocabulum
713 4017 752 4062 ex
775 3995 832 4075 iis,
856 3995 912 4079 qui
934 3994 1150 4079 praecedunt,
1175 3993 1381 4063 subintellec-

111 4114 178 4174 tum
202 4111 378 4189 addiderit,
404 4114 523 4198 optime
546 4113 618 4180 fieri
641 4119 757 4200 potest.

156 4345 262 4432 Caput
284 4348 371 4432 44§
400 4352 427 4413 1.
458 4348 548 4434 Vulg.
580 4350 603 4413 οἱ
626 4349 652 4413 δ’
677 4352 704 4423 ἐς
727 4351 779 4424 σὺν
801 4350 901 4430 Ῥόδον,
932 4351 1289 4431 ἐπνκνονκενομένων
1322 4355 1384 4420 ἀπὸ
