3000 4920
798 242 909 356 se*
993 276 1022 291 ·’
1489 286 1496 349 r

229 521 306 612 §u
337 520 431 608 Vulg.
461 518 537 602 εὖρον
662 523 802 606 φνλοοκθν
832 546 899 588 πονον
1021 522 1267 604 οἱποτενχίζονοοον
1302 522 1351 587 aul
1380 525 1455 588 οξπο-
1491 589 1496 616 3

185 647 366 722 οποινροῦοοον
397 640 446 705 ab
476 640 569 721 πθρον.
614 645 790 708 Basante
812 642 862 706 κοοὶ
886 641 1016 727 inserit3
1040 660 1106 727 qua
1128 640 1169 707 de
1191 640 1354 726 particula
1376 639 1455 710 nihil
1485 685 1496 734 3

186 759 280 826 docet
330 758 441 825 Valla:
481 757 668 839 „offendunt
813 759 975 827 custodias
1133 758 1338 845 obsepientes
1372 757 1453 825 rada

187 878 416 948 munitionibus
441 900 479 946 ac
502 878 613 946 rallo'’.
1408 912 1410 917 -
1448 850 1461 881 ²
1477 892 1496 990 33

231 1119 336 1203 Caput
360 1117 400 1183 81
425 1114 450 1206 ξ
473 1118 504 1182 2.
536 1115 628 1201 Vulg.
652 1119 739 1182 recte
761 1114 848 1192 πθτε,
873 1127 895 1180 Β
918 1140 961 1181 τε.

230 1237 310 1304 Ibid.
345 1235 434 1322 Vulg.
475 1236 525 1300 νοοὶ
555 1236 579 1300 ol
610 1235 704 1311 ἱππῆς
734 1239 790 1299 τῶν
822 1235 1001 1315 Σοροοονοοθοον
1031 1210 1202 1300 ἕκνκλοῦνπθ
1235 1260 1269 1300 τε
1303 1237 1371 1319 ῥᾷον
1398 1237 1452 1302 νοθ-

186 1358 268 1442 roho,
305 1355 379 1436 θίχοο
412 1354 445 1428 δὴ
478 1351 580 1432 θντοος,
618 1352 668 1418 acl
702 1351 825 1430 ξυνῆγον
860 1354 889 1425 ἐς
927 1356 1036 1431 reiro,
1074 1365 1096 1418 Β
1136 1353 1254 1420 omittit
1295 1353 1452 1438 copulam.

186 1473 280 1540 Valla
312 1470 592 1556 „circumlataque
624 1471 789 1558 equitatu,
817 1492 872 1538 eos
897 1471 932 1538 in
954 1470 1041 1538 idem
1064 1471 1126 1537 loci
1149 1475 1282 1558 urgent,
1310 1491 1349 1543 ec
1376 1471 1454 1538 faci·
1485 1480 1491 1537 ’r

186 1592 248 1658 lius
279 1593 365 1675 quod
396 1591 545 1658 bifariam
577 1591 669 1658 dirisi
695 1591 765 1676 J'am
796 1588 919 1658 erant’';
960 1589 1111 1657 Perverse
1134 1588 1161 1654 B
1185 1607 1313 1674 quoque
1336 1609 1399 1674 pro
1421 1589 1452 1666 aa

186 1709 316 1776 exhibet
338 1710 399 1786 ἤδη.

143 1847 147 1855 ·
230 1826 255 1917 ξ
290 1830 321 1894 3.
356 1827 450 1914 Vulg.
481 1828 513 1894 τὸ
548 1828 578 1893 δὲ
611 1829 712 1894 Νοκθον
747 1828 920 1908 οτροθπενμοο
954 1828 1082 1908 aarum
1116 1829 1145 1892 ἕν
1177 1829 1218 1908 νῷ
1253 1828 1376 1909 πρθοθεν
1406 1826 1453 1893 acl

1490 1880 1496 1953 l

186 1947 418 2021 πεντήκοντα
448 1945 591 2018 οπονδίονς.
620 1957 643 2010 Β
673 1952 706 2012 et
736 1944 831 2011 Valla
864 1965 1031 2010 numerum
1064 1944 1195 2010 ἑκοοπθν
1229 1944 1291 2010 aci
1322 1946 1454 2021 πενννὶ·
1492 1956 1496 2047 2

186 2088 297 2130 κονποο
331 2063 461 2131 habent.
508 2063 592 2131 Sane
622 2061 765 2130 dandum
795 2068 845 2129 est
874 2060 1051 2129 editoribus
1082 2083 1148 2129 non
1174 2067 1242 2149 tam
1264 2061 1361 2130 facile
1383 2062 1454 2143 fieri

189 2182 346 2267 potuisse,
381 2187 416 2248 ut
446 2202 512 2247 una
542 2188 635 2248 nocte
665 2186 757 2249 tanto
792 2185 919 2247 centum
949 2186 982 2247 et
1011 2179 1246 2266 quinquaginta
1275 2180 1454 2249 stadiorum
1492 2172 1496 2257 ξ

185 2300 353 2367 intervallo
384 2300 624 2366 Atheniensium
655 2299 752 2366 duces
784 2319 805 2365 a
834 2317 869 2365 se
902 2298 1035 2365 invicem
1070 2307 1308 2384 separarentur.
1353 2299 1453 2386 Equi·
1492 2296 1496 2387 l

187 2417 261 2484 ‹lem
293 2418 370 2502 quia
399 2416 576 2483 Vaticanus
606 2420 639 2482 et
668 2415 763 2481 Valla
793 2415 996 2483 consentiunt
1022 2415 1062 2481 de
1085 2416 1270 2502 corruptela
1292 2417 1356 2484 loci
1380 2439 1452 2502 gra·
1494 2394 1496 2399 ¹

186 2537 272 2602 riore
296 2535 409 2621 cogito.

230 2653 311 2720 Ibid.
342 2652 433 2739 Vulg.
463 2652 569 2717 θοῖοοθν
592 2676 626 2716 τε
648 2651 708 2733 γὰρ
730 2651 744 2716 θ
767 2651 873 2724 Νννθοος
896 2649 969 2730 ἦγε,
993 2651 1111 2734 νομίζων
1134 2655 1165 2720 οὐ
1187 2653 1221 2719 πθ
1249 2653 1401 2733 ὑπομένειν
1425 2658 1453 2720 ἐν

186 2776 226 2854 τῷ
255 2772 372 2851 ποοοθτῳ
401 2770 518 2843 ἓκθντοος
549 2767 621 2834 εἷνοον
652 2771 701 2834 aab
728 2770 882 2851 μάχεσθον
906 2772 1104 2856 serapias,
1128 2783 1150 2836 B
1173 2770 1251 2857 legit
1274 2774 1454 2854 οοοπνὶρνονν,

185 2913 283 2958 manu
314 2892 432 2976 priore,
455 2889 559 2974 quod,
592 2889 753 2956 abstracte
777 2889 916 2975 dictum,
940 2889 1131 2975 elegantiam
1155 2891 1309 2958 sermonis
1332 2900 1451 2976 auget,

185 3009 336 3095 quodque
369 3008 464 3075 Valla
487 3009 634 3076 existimo
657 3009 852 3095 exprimere:
879 3007 982 3089 „Nam
1004 3007 1113 3075 Nicias
1136 3029 1233 3096 ocyus
1257 3029 1333 3077 suos
1358 3006 1452 3078 duce

186 3129 259 3217 bat,
295 3128 480 3196 existimans
523 3130 651 3196 minime
690 3130 874 3198 salutare
908 3149 979 3195 esse
1017 3129 1077 3195 tali
1109 3128 1144 3194 in
1179 3135 1324 3214 tempore
1363 3130 1450 3198 ultro

190 3236 355 3329 „cunctari
377 3254 411 3313 et
433 3247 616 3315 dimicare''.
651 3246 853 3332 Quamquam
875 3247 1017 3328 οοτηρίοον
1041 3244 1204 3313 stabilitur
1225 3246 1247 3312 l.
1270 3248 1307 3328 6,
1332 3248 1395 3328 60,
1412 3251 1452 3328 33

185 3367 232 3434 ibi
255 3374 363 3435 autem
386 3366 481 3434 Valla
503 3367 601 3433 etiam
624 3364 825 3432 substantivo
850 3386 926 3432 usus
950 3370 1016 3451 est,
1040 3365 1125 3431 unde
1148 3386 1221 3432 eum
1244 3373 1355 3435 nostro
1381 3369 1451 3435 loco

187 3488 377 3575 adjectivum
401 3487 516 3554 uidisse
538 3487 605 3553 fere
628 3487 833 3554 statuendum
855 3492 914 3553 est.

231 3605 255 3697 ἓ
277 3608 308 3674 4.
331 3607 425 3694 Vulg.
452 3611 481 3673 ἕν
504 3605 578 3687 πθνῳ
593 3628 643 3673 ra·
660 3605 841 3683 Particula,
865 3605 916 3671 cui
930 3605 1019 3672 locus
1036 3605 1143 3673 nullus
1159 3612 1225 3693 est,
1251 3607 1344 3676 abest
1360 3610 1395 3675 in
1410 3623 1451 3697 Β,

186 3747 290 3811 neque
320 3726 406 3810 apud
438 3723 564 3791 Vallam
593 3724 752 3791 invenitur
785 3724 1035 3806 „Demosthenes
1061 3731 1169 3792 autem
1192 3728 1361 3815 multiplici
1383 3731 1449 3800 lre·
1494 3722 1496 3729 ’

186 3846 359 3932 quentique
381 3844 482 3928 magis
504 3843 615 3910 labore
636 3843 869 3929 implicabatur.

118 3974 127 3992 '
230 3964 313 4033 Ibid.
337 3963 429 4048 Vulg.
453 3965 553 4045 πολλῷ
578 3963 685 4043 θορύβῳ
709 3962 798 4036 οούτθς
814 3987 847 4028 πε
863 3962 912 4027 xci
928 3965 953 4029 ci
968 3966 1037 4043 μετ’
1055 3967 1145 4031 carru
1161 3968 1303 4043 Ἀθηναῖοι
1317 3965 1449 4052 icam

183 4085 256 4170 jure
272 4089 347 4150 ante
363 4082 463 4160 πολλῷ
479 4081 591 4146 inserit
606 4081 651 4160 ἐν,
676 4080 716 4146 de
732 4101 798 4165 qua
813 4081 1008 4148 correctione
1020 4083 1107 4168 apud
1123 4083 1250 4152 Vallam
1265 4093 1450 4159 necessario

186 4202 265 4268 nihil
288 4204 431 4286 apparet
454 4200 529 4265 Fuit
551 4199 749 4285 Kruegcrus,
776 4200 832 4283 qui
855 4202 998 4276 Ἀθηναῖοι
1021 4200 1114 4268 obelo
1130 4204 1269 4293 notauit,
1294 4228 1369 4275 cum
1386 4231 1451 4278 nou

188 4320 247 4387 soli
270 4319 481 4387 Athenienses
506 4341 576 4385 cum
599 4319 813 4385 Demosthene
836 4323 951 4385 essent
974 4317 1144 4386 Molestum
1162 4342 1239 4388 sane
1254 4325 1448 4396 vocabulum
