3000 4920
733 322 777 388 20

115 555 211 624 Valla
245 558 423 625 lucramur:
461 558 622 641 „Quorum
654 558 696 625 ad
719 559 915 644 praesidium
937 559 971 625 in
997 547 1211 627 eminentibus
1235 579 1389 644 promon-

1 722 7 739 .
113 676 204 743 toriis
227 677 388 761 peditatus
412 681 562 765 utrinque
585 682 759 768 dispositus
783 679 886 748 erat''.

159 795 183 888 ξ
214 797 243 864 5.
274 799 370 885 Vulg.
401 804 448 867 ἐπ’
479 804 552 868 atet
576 807 678 890 τοῦτο,
702 816 724 869 Β
748 805 795 868 ἐπ’
819 802 898 883 adrui
923 800 1023 882 τούτῳ.
1046 798 1159 879 Valla,
1182 800 1314 868 inscitia
1336 820 1389 867 me
1422 804 1424 809 ⁸

111 898 220 1004 judice
242 918 358 987 ductus
380 922 429 988 uel
451 922 594 1010 incuria,
619 923 716 989 rerba
739 922 885 1008 neglexit.

158 1033 182 1126 ξ
205 1039 237 1104 6.
259 1037 352 1126 Vulg.
377 1040 401 1105 oi
424 1042 560 1124 μὲνγὰρ
583 1041 713 1125 Κορίνθιοί
738 1042 787 1107 aui
811 1040 1030 1116 Πελοποννήσιοι
1055 1038 1123 1121 πρὸς
1145 1047 1183 1121 τῇ
1203 1049 1245 1123 pp
1270 1062 1390 1118 νωυμω-

113 1163 236 1238 χοῦντες
265 1158 327 1225 aui
358 1158 536 1246 διεσώζοντο,
569 1172 591 1225 Β
623 1181 682 1244 pro
713 1162 761 1224 καί
797 1159 875 1245 legit
904 1158 1012 1242 ῥᾳδίως.
1060 1157 1171 1224 Valla:
1203 1158 1302 1242 „quia
1325 1157 1389 1227 00-

114 1274 224 1343 rinthii
254 1297 293 1343 ac
322 1277 580 1363 Peloponnenees
609 1279 765 1346 beneficio
798 1285 904 1346 terrae
927 1298 1029 1363 prope
1052 1298 1149 1363 quam
1174 1276 1389 1362 dimicarent,

114 1394 244 1462 liberati
273 1393 377 1463 sunt'.
424 1397 517 1474 Quod
539 1398 627 1484 apud
650 1397 778 1465 Vallem
801 1404 835 1465 et
858 1396 908 1463 κωδ
933 1403 966 1463 et
988 1397 1087 1480 ῥᾳδίως
1112 1396 1235 1463 frustra
1256 1395 1390 1481 quaeri·

115 1535 204 1595 mus,
236 1535 276 1582 ea
305 1516 378 1602 ipsa
408 1538 459 1584 res
492 1519 622 1600 suadet,
652 1524 689 1586 ut
721 1518 866 1585 cumaei
890 1517 1007 1584 vidisse
1031 1522 1229 1594 statuamus;
1254 1516 1389 1599 saepius
1420 1550 1425 1557 ·

116 1634 201 1700 enim
234 1636 424 1703 vocabulum
459 1639 519 1705 sibi
554 1638 717 1707 molestiae
753 1636 889 1705 offerens
913 1633 1102 1719 simpliciter
1124 1634 1243 1702 omittit
1258 1633 1299 1719 I).
1345 1634 1386 1700 In

116 1753 319 1840 dijudicando
353 1762 461 1825 autom
495 1760 603 1827 variae
634 1759 780 1826 lectionis
812 1758 916 1843 pretio
947 1757 1045 1823 laudo
1075 1754 1303 1834 Benedictum,
1334 1753 1389 1820 cui

114 1875 212 1958 ῥᾳδίως
244 1877 442 1961 suspiciones
470 1879 581 1947 morit:
613 1877 822 1960 „vocabulum
844 1876 960 1960 ῥᾳδίως,
983 1874 1104 1959 inquit,
1128 1895 1168 1940 ex
1189 1872 1388 1958 intorpreta-

117 1999 245 2075 „mento
276 2002 381 2064 ortum
412 1999 544 2068 videtur.
591 1999 699 2066 Etiam
728 1982 842 2066 Veliae
873 1997 957 2064 liber
979 2017 1045 2062 non
1068 1990 1241 2061 exhibuit''.
1286 1992 1388 2060 Hisce

115 2111 226 2211 Poppo
256 2114 363 2183 addit:
396 2117 532 2198 „etenim
563 2117 623 2182 κωί
654 2117 754 2186 etiam
784 2117 837 2210 hic
859 2117 943 2185 valet
965 2136 1038 2184 eom
1060 2114 1168 2203 ipsum
1190 2113 1226 2180 ob
1248 2131 1389 2180 oausam

117 2228 210 2319 (quia
235 2254 339 2320 prope
361 2241 479 2302 terram
505 2234 717 2326 dimicabant)
742 2237 764 2305 i.
788 2256 815 2302 e.
839 2232 992 2303 iaciie’'.
1038 2232 1175 2300 Omnino
1198 2252 1271 2299 cum
1295 2230 1387 2299 hisce

117 2351 192 2419 viris
227 2354 329 2422 doctis
364 2357 404 2423 de
438 2364 549 2424 nostro
581 2359 738 2443 scriptore
769 2357 888 2443 optime
921 2355 1042 2423 meritis
1074 2353 1167 2420 facio.
1213 2351 1309 2437 Apud
1333 2371 1387 2418 me

116 2478 244 2540 constat
270 2474 373 2559 primo
392 2474 488 2560 juxta
511 2474 560 2540 κωρ
585 2476 627 2542 ab
650 2477 825 2562 interprete
849 2474 1037 2562 adjunctum
1060 2494 1130 2541 esee
1153 2471 1269 2558 ῥᾳδίως,
1297 2471 1386 2555 quod

115 2596 228 2675 postea
257 2592 291 2658 in
321 2601 443 2663 textum
471 2602 636 2682 receptum
667 2602 726 2665 est.
771 2595 896 2664 Deinde
928 2594 1113 2680 superuenit
1135 2590 1284 2659 Vaticani
1308 2589 1385 2656 iibri

115 2717 293 2799 corrector,
318 2716 390 2802 qui,
414 2716 525 2783 videns
550 2716 741 2783 alterutrum
765 2714 842 2781 ferri
867 2734 931 2782 non
954 2734 1069 2798 posse,
1092 2712 1140 2777 aui
1166 2710 1271 2798 ejecit.

159 2826 184 2919 ξ
215 2832 245 2897 7.
276 2831 366 2921 Vulg.
397 2831 427 2899 οἵ
451 2860 485 2900 τε
512 2836 571 2918 γὰρ
593 2835 722 2917 Κορίνθιοι
747 2835 895 2913 ἡγήσαντο
919 2839 1034 2914 cocceio
1058 2835 1087 2898 εί
1111 2833 1159 2910 μὴ
1181 2830 1275 2896 πολὺ
1299 2831 1385 2913 ἔκρω-

115 2953 233 3037 τωῦντο,
264 2949 296 3017 ot
325 2951 355 3017 τ’
378 2955 520 3031 Ἀθηναῖοι
544 2954 669 3037 ἐνόμιζον
692 2957 837 3031 decaedat
860 2955 889 3019 εί
913 2956 961 3032 μὴ
984 2954 1077 3020 πολὺ
1100 2953 1212 3029 ἐνίκων,
1235 2965 1257 3018 Β
1282 2952 1313 3016 εί
1336 2952 1386 3031 μδ

115 3067 175 3134 cai
200 3071 292 3136 πολὺ
415 3071 470 3140 ὅτι
494 3078 530 3141 οὗ
555 3074 659 3143 πολύ.
705 3073 815 3142 Valla:
841 3094 937 3161 „nam
962 3079 995 3140 et
1017 3071 1175 3140 corinthii
1197 3072 1333 3139 uictores
1350 3092 1386 3138 se

116 3208 185 3254 esse
216 3189 405 3271 credebant,
439 3192 466 3259 si
498 3213 562 3259 non
593 3191 766 3259 admodum
801 3191 875 3258 victi
906 3196 1031 3272 essent,
1056 3197 1088 3270 et
1112 3189 1326 3257 Athenienses
1350 3211 1386 3256 se

115 3307 214 3374 victos
244 3329 333 3396 esse,
364 3310 426 3378 nisi
458 3311 630 3379 admodum
656 3311 831 3379 vicissent”.
880 3310 913 3378 Si
936 3311 975 3377 de
999 3309 1180 3394 scripturae
1203 3307 1298 3374 huius
1320 3307 1386 3375 loci

116 3427 299 3510 quaerimus
330 3429 502 3509 varietate,
526 3431 683 3517 imprimis
707 3429 939 3499 attendendum
963 3434 1013 3496 est
1037 3427 1080 3494 ad
1104 3426 1282 3494 sententiae
1308 3448 1386 3494 oon-

115 3546 301 3615 cinnitatem
333 3550 489 3637 scriptore
520 3558 631 3620 nostro
662 3552 807 3638 egregrie
838 3550 978 3635 dignam.
1025 3549 1101 3614 Fuit
1128 3548 1294 3636 Bauerus,
1328 3547 1387 3632 qui

116 3688 180 3753 quo
211 3668 379 3753 splendida
410 3671 565 3738 orationis
597 3677 759 3739 structura
789 3675 978 3757 appareret,
1003 3667 1132 3734 schema
1154 3666 1252 3734 hocce
1275 3667 1386 3754 dedit,

116 3787 248 3873 siugulis
283 3790 387 3858 verbis
420 3791 468 3858 ita
502 3791 681 3877 dispositis:
718 3810 740 3858 a
770 3786 800 3855 οἷ’
824 3815 857 3855 τε
887 3788 1014 3869 Κορίνθιοί
1038 3825 1083 3836 -
1105 3782 1135 3850 οἵ
1159 3785 1187 3849 τ’
1221 3784 1387 3868 Ἀθηναίω,

116 3906 134 3974 b
157 3908 305 3984 ἡγήσαιντο
331 3944 372 3957 -
396 3908 534 3991 ἐνόμιζον,
557 3931 573 3977 o
595 3916 710 3991 κρατεῖν
735 3947 776 3958 -
801 3909 960 3987 ἡσσᾶσθαί,
984 3906 1006 3974 d
1028 3909 1051 3972 εί
1075 3908 1117 3984 μὴ
1141 3906 1217 3973 πολύ
1233 3909 1318 3973 -εί
1342 3909 1387 3985 μὴ

116 4026 202 4094 πολύ.
249 4026 321 4094 Non
343 4026 495 4116 fortuito,
519 4031 576 4098 sed
599 4031 639 4098 de
661 4030 822 4098 industria
839 4031 923 4097 hanc
939 4027 1045 4116 arguti
1061 4027 1186 4113 artique
1202 4033 1235 4095 et
1250 4027 1390 4096 circum·

116 4145 229 4233 scripti
259 4147 428 4215 verborum
460 4150 599 4219 ambitus
632 4151 881 4220 concinnitatem
912 4170 933 4216 a
960 4148 1146 4236 Thucydide
1169 4147 1388 4234 excogitatam

148 4416 175 4483 1)
194 4416 232 4469 cf.
252 4417 377 4482 praefatio
395 4433 454 4485 pag.
472 4415 516 4467 Vi.
