3000 4920
682 353 726 419 75

91 590 120 682 ξ
145 594 181 659 ⁴2.
223 590 315 677 Vulg.
352 593 368 656 ό
397 592 457 669 γόον
490 591 647 671 Θνρνμὲννς
680 595 715 656 οῦ
741 592 887 672 νοούοορχος
911 591 964 673 ὤν,
991 589 1037 654 sic
1061 587 1172 654 Valla:
1209 606 1337 670 quoque

49 709 293 792 „Therimsnes
328 709 413 776 enim
447 728 546 793 quum
575 729 640 776 non
671 715 757 776 esset
788 710 859 793 ipse
892 707 983 774 dux'’.
1030 705 1181 773 Vaticani
1218 706 1336 771 οὐκέτι

48 849 120 896 non
147 827 312 912 quadrat,
336 827 413 912 quia
436 832 469 893 et
491 834 588 892 antea
612 826 678 892 dux
700 848 766 893 non
789 827 895 893 fuerat
917 825 1139 903 Therimenes‚
1163 829 1199 889 ut
1222 825 1338 889 docent

44 947 235 1032 sequentia
264 947 335 1010 ἀλλ’
367 946 524 1026 Ἀττοόχῳ
554 946 733 1026 ποοοοοόοῦνοον
765 947 821 1018 τοὶς
852 950 921 1016 νοοῦς
952 943 1120 1020 ἕνμπλόον.
1163 942 1203 1009 cf.
1239 942 1338 1009 etiam

10 1072 22 1151 j
47 1088 79 1136 o.
109 1067 158 1131 26
185 1061 214 1153 ξ
238 1065 267 1128 1.

10 1160 14 1227 i
96 1185 190 1251 Ibid.
226 1182 318 1266 Vulg.
354 1185 382 1255 ἐς
413 1184 473 1262 γὰρ
503 1182 589 1248 πέντε
624 1189 693 1255 νοοῦς
718 1185 766 1249 nal
795 1185 974 1259 πεντήκοντα
997 1182 1065 1261 τρόοο
1087 1181 1226 1246 τόλοοντοο
1251 1179 1339 1245 §tuoe

48 1311 108 1371 τοῦ
135 1300 229 1382 μηνός
251 1300 362 1368 Valla:
390 1323 485 1388 „nam
500 1302 642 1386 quinque
659 1309 691 1369 et
708 1302 942 1387 quinquaginta
957 1300 1090 1366 navibus
1107 1306 1200 1365 terna
1217 1297 1341 1364 talenta

48 1425 86 1490 in
124 1421 274 1506 singulos
307 1442 434 1488 menses
465 1420 597 1488 dabat'’.
644 1423 822 1507 Madvigius
854 1421 1048 1489 Meiboomio
1080 1428 1256 1505 praeeunte
1280 1439 1339 1503 pro

49 1545 126 1623 τρία
151 1546 244 1606 reete
268 1539 398 1622 scripsit
419 1541 584 1620 τρίκκοντο.
622 1542 661 1607 In
685 1549 836 1626 promptu
859 1549 908 1608 est
932 1542 1059 1607 minime
1083 1562 1156 1606 oum
1178 1540 1205 1604 B
1229 1560 1340 1605 nume-

49 1663 129 1729 rale
155 1680 275 1726 nomen
300 1659 477 1725 desiderari
499 1680 603 1744 posse.
627 1659 765 1745 Locum,
790 1661 844 1745 qui
866 1666 917 1727 est
933 1683 973 1727 ex
989 1659 1197 1744 difficillimis,
1217 1658 1340 1742 egregie

51 1779 250 1849 enucleavit
292 1779 340 1845 vir
379 1777 575 1844 clarissimus
610 1779 774 1858 Naberus‚
809 1781 864 1864 qui
900 1785 974 1846 ante
1007 1780 1095 1844 πλέον
1125 1778 1261 1844 inseruit
1291 1780 1339 1856 οὐ,

10 1946 15 1985 ,
56 1922 169 1987 quam
203 1900 407 1984 negationem
438 1897 502 1964 nisi
531 1898 740 1983 recipiamus,
773 1897 953 1964 sententiae
983 1895 1173 1982 significatio
1195 1918 1260 1963 non
1284 1917 1341 1981 ap-

52 2027 161 2108 paret
179 2020 219 2105 1).

107 2257 221 2342 Caput
244 2256 287 2322 30
310 2251 335 2344 ξ
361 2255 388 2318 1.
420 2251 513 2338 Vulg.
544 2258 604 2320 Τοῦ
627 2252 652 2318 δ’
677 2256 767 2320 αὐτοῦ
790 2260 932 2335 χειμῶνος
957 2262 1015 2326 τοῖς
1143 2254 1340 2328 Ἀόννοοόοος

54 2373 368 2459 προσοοφονμόνοον
391 2371 451 2450 yolo
475 2367 549 2444 ἦττον
675 2383 739 2449 νῆες
859 2374 909 2440 aei
933 2374 1093 2455 οτροοτνγοὶ
1217 2374 1266 2439 uei
1286 2375 1342 2447 τοὶς

58 2498 126 2566 ἐπὸ
158 2495 229 2561 Χόον
364 2491 587 2570 ξυναγαγόντες
619 2493 770 2570 ἐβούλοντο
900 2498 1046 2576 ἐφορμεῖν.
1093 2493 1200 2559 Minus
1223 2493 1362 2559 usitata.

56 2617 174 2682 forme.
205 2611 392 2679 anacoluthi
423 2611 523 2677 multo
555 2612 689 2695 praebet
718 2613 860 2680 veritatis
892 2615 1045 2698 muJ'ovem
1077 2611 1215 2696 speeiem
1245 2632 1342 2695 quam

57 2731 204 2816 simplex
225 2729 439 2797 nominativus
463 2731 487 2794 οἱ
501 2777 509 2794 .
523 2781 529 2794 .
543 2778 571 2794 ..
596 2732 755 2817 Ἀθηναῖοι,
781 2731 836 2814 qui
851 2730 884 2795 in
900 2731 926 2797 B
945 2730 1116 2797 correctori
1132 2733 1181 2796 est
1197 2729 1340 2795 tribuen-

58 2851 152 2917 dum.
200 2848 270 2915 Hoc
303 2847 399 2913 etiam
412 2829 510 2913 ‘valet
533 2846 572 2913 de
596 2846 743 2914 Vaticani
766 2850 1058 2932 προοφογμένοον,
1085 2848 1171 2932 quod
1196 2846 1339 2913 Stahlius

59 2988 132 3036 non
155 2967 280 3052 recepit
301 2965 336 3031 in
359 2971 491 3031 textum.
517 2964 641 3032 Vallam
665 2966 743 3031 nihil
768 2968 920 3033 miramur
943 2967 1159 3034 anacoluthon
1183 2966 1217 3031 in
1231 2964 1340 3031 latinis

61 3084 257 3168 sustulisse,
282 3103 437 3169 eumque,
462 3082 549 3168 quod
571 3084 613 3149 ad
629 3085 834 3168 participium
850 3085 985 3169 attinet,
1003 3106 1074 3150 eum
1089 3084 1220 3168 vulgata
1236 3082 1342 3148 faeere

62 3204 374 3286 videmnst‘„quum
397 3202 582 3269 advenisset
604 3202 680 3268 illue
704 3223 721 3269 e
745 3202 839 3269 domo
863 3202 977 3269 classis
1002 3201 1093 3268 alia’'.

111 3323 194 3390 lbid.
224 3322 318 3408 Vulg.
351 3321 452 3395 πότοις
476 3323 525 3387 ael
550 3322 605 3393 τοὶς
628 3322 747 3407 ἄλλοις,
773 3321 866 3386 Baeti
891 3323 945 3394 τόος
970 3320 1069 3394 ἄλλοις
1093 3320 1195 3393 πότος
1222 3321 1342 3404 majore

63 3464 138 3510 oum
177 3443 293 3527 speeie.
330 3440 459 3507 Vallae:
498 3441 691 3521 „contractis
727 3445 760 3506 et
790 3462 810 3506 a
842 3439 921 3507 chio
953 3448 986 3507 et
1019 3440 1148 3506 aliunde
1172 3437 1341 3522 navibus”,

52 3564 201 3631 ¹liberius
223 3567 361 3630 vertens.

110 3689 131 3766 ς
156 3683 189 3748 2.
212 3681 306 3767 Vulg.
330 3686 385 3746 τῶν
409 3683 437 3752 ἐς
463 3682 596 3756 Μόλντον
620 3681 755 3746 ἐλθόντων
775 3681 878 3760 χιλίων
895 3681 1018 3744 ὁπλιτῶν
1034 3679 1117 3759 μέρος
1134 3677 1339 3756 denotem

65 3803 94 3866 ἐν
127 3799 230 3866 saveir
263 3801 484 3875 όπλντοονονοῖς
517 3797 564 3862 ἐπὶ
599 3799 663 3863 Χόον
693 3799 873 3878 λαχόντες
907 3797 1018 3861 ἔπλεον.
1065 3795 1092 3858 Β
1123 3796 1173 3861 bis
1196 3797 1229 3860 in
1252 3796 1341 3862 hisce

66 3924 194 4006 peceat.
228 3916 339 3984 Refert
370 3917 454 3982 enim
484 3939 543 4002 pro
574 3919 762 3998 ν’ννννόντες,
794 3918 845 3984 oui
867 3917 1006 3985 fortasse
1029 3914 1153 3994 ἄγοντες
1176 3920 1340 4001 praestat,

65 4029 283 4111 ἀπολιπόντες,
317 4035 404 4120 quod
427 4036 598 4103 manifesto
622 4042 745 4123 pugnat
767 4059 839 4102 oum
863 4041 1032 4116 contextu,
1055 4040 1088 4101 et
1109 4057 1169 4120 pro
1192 4034 1339 4114 λαχόντες

72 4259 322 4271 —...—---—

98 4426 127 4489 1>
146 4424 181 4475 cf.
199 4423 377 4486 Mnemosyne.
396 4420 446 4470 vol.
464 4417 527 4470 xlv
545 4434 603 4483 pag.
623 4419 679 4469 427.
