3000 4920
813 317 834 381 6

185 550 254 637 jam
285 557 566 638 oppugnarentur,
602 552 658 618 sed
689 556 929 638 oppugnarent,
965 551 1125 636 planeque
1157 553 1320 620 vincerent
1343 575 1382 622 ao
1408 556 1494 623 ‹le-‚2

188 669 373 738 bellarent'’.

230 787 312 856 Ibid.
336 789 430 875 Vulg.
453 785 526 855 εἶναι
549 791 653 872 σφίσι,
676 803 699 857 Β
723 790 825 873 σφίσιν
846 785 928 858 εἶναι.

230 907 255 1000 ἓ
286 913 316 976 3.
348 910 441 997 Vulg.
473 909 522 975 aul
554 910 594 975 δι’
624 913 714 978 αὐτὸ
744 910 794 977 καὶ
819 911 852 976 τὸ
874 909 951 977 ἄλλο
973 911 1150 994 στράτευμα
1274 913 1460 998 κνιτνρνὶχθν.
1490 968 1494 1009 :

140 1112 142 1116 Ι
184 1043 207 1097 Β
232 1031 280 1096 ὄνὲν
303 1036 388 1097 τοῦτο
413 1031 500 1115 quod
523 1029 622 1097 refert
645 1028 739 1097 Valla
757 1051 818 1118 „ex
833 1050 897 1115 quo
913 1030 1034 1098 laetum
1050 1032 1129 1117 eet”,
1145 1034 1296 1120 quodque
1313 1034 1460 1105 Stahlino
1486 1092 1494 1130 a

185 1150 334 1236 vulgatae
356 1152 523 1234 praestare
546 1152 664 1215 censet.

231 1389 338 1474 caput
360 1390 378 1454 7
403 1387 428 1480 ς
453 1389 480 1456 l,
504 1387 595 1474 Vulg.
618 1387 845 1470 Ἐρασινίδης
868 1409 944 1456 vera
959 1389 1137 1475 scriptura,
1154 1391 1284 1460 allalla
1298 1393 1458 1478 probatae

188 1508 421 1590 „Erasinidee’'.
466 1509 551 1576 Mira
586 1509 705 1577 oodioie
735 1522 757 1575 Β
788 1509 878 1576 varia
907 1509 1004 1578 leotio
1035 1511 1216 1592 Θρασωνίδην
1247 1533 1455 1599 nequaquam
1484 1481 1494 1529 ³

184 1635 234 1695 est
255 1628 454 1714 recipienda.
1492 1637 1494 1643 ’

227 1744 251 1837 ξ
275 1750 307 1814 3.
330 1747 423 1833 Vulg.
447 1746 581 1835 πεζικὴν,
606 1758 628 1811 Β
652 1750 739 1814 reete
763 1746 863 1829 πεζῖμ.

227 1986 334 2073 Caput
356 1988 376 2051 8
399 1983 424 2076 ὅ
450 1988 477 2054 1.
502 1985 596 2072 Vulg.
628 1987 667 2064 ἢν
689 1988 731 2062 μὴ
851 1986 1184 2068 μεταπέμψνυσνν,
1207 1999 1229 2052 Β
1252 1989 1284 2053 εἰ
1308 1989 1455 2081 μὴ)...
1488 1982 1490 1987 ’

175 2105 476 2198 γμεςννπέμψωνν.
522 2105 656 2173 Praeter
678 2104 811 2173 dubium
834 2105 1012 2173 scribamus
1035 2109 1161 2190 oportet
1180 2107 1204 2172 ei
1219 2109 1263 2184 μὴ
1357 2131 1456 2184 μενον·
1487 2090 1494 2165 3

182 2227 345 2309 πέμψουσι.
393 2227 505 2294 Valla:
532 2227 614 2308 „nisi
637 2232 694 2293 ant
715 2227 779 2312 ipsi
801 2227 1055 2295 revocarentur’'.
1490 2242 1493 2247 ’

225 2342 250 2435 ὅ
274 2347 304 2413 2.
326 2346 419 2432 Vulg.
444 2347 525 2412 navit
548 2352 599 2412 τοῦ
621 2347 720 2423 λέγειν
738 2346 908 2413 taulariae.
939 2359 962 2412 B
987 2350 1060 2413 unte
1083 2351 1133 2412 τοῦ
1152 2345 1266 2413 inserit
1281 2347 1456 2415 articulum
1479 2330 1494 2409 ¹i

179 2465 232 2540 rip
255 2470 331 2550 post
353 2464 526 2549 genitivum
550 2485 665 2549 parum
688 2466 915 2533 neceesarium.

226 2583 311 2652 Ibid.
344 2583 434 2670 Vulg.
466 2585 482 2661 ἢ
515 2583 564 2649 aul
587 2583 734 2663 γνώμης
757 2586 889 2657 ἐλλιπεῖς
911 2585 1094 2665 γιγνόμενοι,
1120 2598 1142 2652 Β
1166 2587 1319 2664 μνήμης.
1366 2587 1452 2654 Eone

180 2704 362 2788 exemplum
391 2703 570 2790 egregium,
600 2724 666 2786 quo
697 2703 816 2769 codicis
848 2715 870 2769 Β
901 2704 1103 2788 praestantia
1125 2710 1278 2790 apparet;
1303 2703 1454 2790 vulgatae
1489 2754 1494 2793 ·:

178 2823 296 2902 γνώμης
332 2822 429 2908 plane
462 2825 557 2889 vacat
590 2841 706 2906 sensu,
742 2821 859 2899 μνήμης
891 2827 998 2888 autem
1030 2822 1108 2907 quin
1139 2823 1242 2890 nolum
1274 2843 1385 2890 verum
1409 2823 1453 2890 sit
1490 2872 1494 2927 3

180 2942 327 3011 dubitare
357 2964 422 3011 non
451 2942 536 3009 lieet.
582 2941 739 3009 Vaticano
771 2942 911 3009 ooneinit
940 2942 1051 3010 Valla:
1078 2943 1280 3025 „veritusne
1304 2963 1359 3010 eos
1384 2963 1452 3010 me·
1488 2936 1494 3023 ἒ

181 3062 304 3143 „moria
327 3063 553 3129 mendatorum
577 3060 756 3129 defioeret”.
1491 3048 1494 3059 '

222 3195 302 3265 Ibid.
325 3195 416 3281 Vulg.
441 3195 595 3274 μάλιστα,
621 3200 726 3280 reete,
750 3193 796 3261 sio
820 3193 931 3261 Valla:
958 3193 1177 3279 „praecipue”.
1223 3207 1245 3261 Β
1269 3195 1366 3273 μόλις.

222 3313 247 3406 ἓ
270 3316 299 3382 3.
323 3314 415 3399 Vulg.
439 3316 453 3380 ν’
476 3313 504 3378 δὲ
523 3315 570 3379 τὰ
589 3315 671 3380 κατὰ
690 3313 724 3379 τὸ
743 3313 937 3395 στρατόπεδον
957 3313 1006 3379 διὰ
1024 3323 1164 3398 φυλακῆς
1188 3314 1250 3392 ἤδη
1271 3315 1368 3396 ἔχων
1387 3315 1451 3393 ἤδη
1491 3366 1494 3381 .

178 3436 308 3501 ἑκουσίων
348 3433 479 3499 κινδύνων
513 3433 691 3520 ἐπεμέλετο,
727 3445 749 3499 Β
784 3436 930 3512 μᾶλλον
963 3433 1026 3509 ἤδη
1060 3434 1155 3515 ἔχων
1189 3434 1207 3509 ἦ
1241 3433 1291 3500 δι’.
1338 3433 1450 3503 Valla:
1489 3422 1494 3539 l

181 3554 328 3634 „Interea
357 3551 468 3618 Niciae
499 3573 567 3617 rem
598 3556 796 3618 castrensem
827 3551 989 3618 custodire
1021 3551 1136 3637 majori
1163 3553 1234 3638 jem
1256 3573 1355 3619 ourae
1378 3560 1451 3621 erat
1488 3544 1494 3623 i

181 3693 299 3756 „quam
322 3671 505 3739 voluntaria
527 3671 672 3756 pericula
696 3668 815 3737 adire’'.
862 3669 951 3748 Quae
974 3669 1086 3737 Vallae
1109 3671 1334 3756 interpretatio
1349 3673 1449 3741 mira·

177 3791 236 3859 bili
270 3812 349 3859 cura
383 3790 523 3858 auctoris
554 3791 661 3858 reddit
690 3812 837 3871 manum,
870 3812 973 3878 quae,
1005 3789 1163 3858 Vaticano
1193 3790 1276 3858 libro
1306 3793 1450 3860 nondum

177 3910 313 3988 oollato,
347 3910 425 3977 alta*
444 3909 651 3994 premebatur
678 3910 824 3995 caligine.
869 3909 1038 3996 Legeritne
1061 3909 1156 3976 Valla
1178 3908 1234 3991 ret,
1259 3911 1345 3995 quod
1368 3911 1448 3978 inB
1487 3906 1494 3991 i

176 4029 295 4114 injuria
332 4027 440 4106 abest,
481 4048 602 4115 neone,
642 4028 703 4093 etsi
736 4026 816 4093 nihil
851 4049 910 4113 pro
947 4034 1036 4095 certo
1071 4028 1176 4097 dicere
1210 4029 1304 4113 lieet,
1339 4036 1449 4100 tamen

177 4147 323 4216 versione
353 4146 455 4213 latina
486 4136 576 4213 bene
598 4165 758 4231 perpensa
788 4145 896 4230 potius
927 4143 1134 4214 affirmaveris
1167 4168 1265 4233 quam
1287 4149 1448 4219 infitiatus

177 4266 232 4335 eie.
279 4265 313 4333 Si
344 4267 417 4350 quis
447 4267 487 4334 de
517 4265 667 4334 Vaticani
694 4264 768 4332 libri
790 4271 827 4332 nt
850 4265 946 4332 etiam
969 4265 1009 4332 de
1034 4265 1148 4334 Vallae
1170 4268 1447 4354 interpretationis

176 4388 381 4477 praestantia
412 4384 556 4467 dubitat,
580 4405 695 4452 moneo
719 4383 806 4475 apud
830 4383 964 4452 Dionem
986 4384 1076 4454 Oeen.
1100 4385 1162 4454 loci
1186 4389 1288 4456 nostri
1312 4390 1447 4479 vestigia
1479 4410 1487 4421 ·
