3000 4920
714 308 780 372 112

158 546 185 638 ξ
214 549 247 613 3.
279 547 374 632 Vulg.
404 545 437 621 ἦν
468 550 499 613 di
528 555 613 615 τοῦτο
640 553 696 626 μὲν
722 549 763 614 ri
784 559 895 630 ozias
918 551 1062 615 πολιτικὸν
1085 557 1135 616 τοῦ
1159 549 1251 628 λόγου
1274 552 1372 620 αὐτοῖς
1420 516 1428 659 1

115 665 254 751 Dempto
268 688 342 733 cum
357 668 385 732 B
400 667 538 734 articulo
552 668 603 746 τέ,
618 668 731 734 horum
746 668 914 734 vorborum
930 669 1133 753 cognoscitur
1149 667 1383 754 significantia,
1421 668 1428 769 Ῑ

115 806 213 870 quam
244 786 342 852 Valla
373 790 571 872 expressisse
602 788 728 856 ridetur
753 787 1030 873 „praetendebant
1052 794 1161 855 autem
1184 789 1379 855 mentionem
1423 770 1428 827 ¹=

113 905 340 990 reipublicae''‚
362 907 509 991 neglecto
530 909 655 974 incuria
677 907 924 974 demonstrativo
947 914 1042 974 τοῦτο.

157 1204 379 1295 (11111119οξ
404 1209 432 1272 1.
462 1208 602 1288 Φράνοχάς
634 1233 684 1286 τε,
714 1207 745 1278 ὃς
774 1208 825 1271 καὶ
848 1209 1059 1289 σπμτηγάσοις
1081 1210 1111 1273 ἕο
1131 1217 1169 1290 πῇ
1192 1207 1290 1288 Σάμῳ
1314 1209 1383 1272 ποτὲ

114 1329 294 1409 Ἀλκιβιάδῃ
321 1330 390 1393 τέτε
419 1328 561 1408 διηνέχθη.
608 1328 644 1393 Β.
673 1327 757 1393 falso
788 1328 811 1392 ὅ.
846 1327 958 1394 Valla:
983 1326 1220 1412 „Phrynichus,
1244 1327 1302 1411 qui
1326 1325 1383 1392 ali·

114 1448 244 1534 quando
267 1449 344 1514 dum
359 1449 446 1532 apud
461 1446 593 1513 Samum
609 1448 674 1513 dux
689 1453 793 1525 esset,
809 1447 851 1513 ab
866 1446 1033 1513 Alcibiade
1049 1443 1230 1513 dissonat?
1254 1445 1383 1513 Vallam

113 1569 258 1653 spurium
280 1570 352 1634 ποτὲ
374 1568 537 1634 omississe
559 1567 654 1633 docet
676 1565 830 1632 Stahlius.

159 1687 238 1752 Ibid.
254 1687 349 1770 Vulg.
372 1691 425 1760 τὴν
439 1690 545 1763 :um
551 1712 566 1765 ρ
571 1688 657 1767 xlae
673 1688 894 1763 noemam.
916 1686 1022 1754 Iocus
1037 1685 1266 1753 memorabilis.
1288 1684 1382 1751 Solus

114 1805 141 1870 B
171 1806 272 1872 refert
300 1808 475 1883 immin,
507 1807 594 1890 quod
625 1807 745 1891 optime
773 1807 922 1873 convenit
948 1806 1137 1872 sententiae.
1184 1803 1304 1871 Omnes
1329 1802 1386 1870 alii

110 1925 173 1991 ibri
203 1928 315 2012 legunt
344 1928 542 2010 ἕλογορχίιν,
568 1927 655 2011 quod
677 1934 712 1993 et
734 1925 829 1993 Valla
850 1927 1028 2012 expressit:
1058 1925 1179 2006 „statui
1201 1917 1383 2008 paucorum

112 2048 304 2130 propensius
327 2044 514 2112 vacabant”
559 2045 762 2131 Quamquam
782 2047 916 2132 vulgata
938 2067 1003 2115 non
1026 2046 1068 2114 ab
1092 2044 1179 2112 omni
1200 2047 1296 2129 parte
1322 2043 1384 2110 dis·

112 2166 230 2250 plicet:
254 2165 448 2250 eligarchiae
471 2167 649 2234 sanandae
671 2167 843 2234 maximam
868 2166 992 2233 dabant
1014 2174 1157 2250 operam

159 2289 239 2354 Ibid.
275 2288 368 2370 Vulg.
403 2289 504 2367 πολλῷ
533 2313 568 2352 τε
597 2292 716 2362 uitam
746 2287 808 2370 ἔτι,
839 2287 958 2361 ἐπειδὴ
987 2286 1046 2351 καὶ
1075 2287 1101 2352 οἱ
1131 2287 1164 2351 ἐκ
1193 2295 1247 2364 τῆς
1280 2283 1386 2359 Σάμου

114 2408 251 2488 πρέσβεις
274 2413 357 2486 σφὶν
379 2403 472 2481 ἦλθον.
506 2406 534 2471 Β
557 2428 726 2492 perperam
749 2407 808 2471 aci
831 2406 952 2481 ἐπειδὴ
975 2407 1045 2471 καὶ.
1071 2404 1166 2471 Valla
1187 2402 1266 2485 „sed
1281 2401 1385 2468 multo

113 2527 211 2593 otiam
233 2547 331 2610 quam
355 2531 452 2590 antea
474 2525 578 2608 magis
600 2530 676 2609 post
697 2523 836 2590 reditum
860 2545 992 2591 suorum
1014 2545 1031 2589 e
1055 2520 1152 2590 Samo
1173 2517 1387 2606 legatorum'’.

158 2642 183 2734 ξ
206 2647 238 2712 3.
270 2644 362 2729 Vulg.
391 2647 450 2724 οὐχ
471 2641 518 2707 ἵνα
540 2643 608 2715 τοὺς
630 2646 664 2708 ἕν
686 2644 796 2725 Σάμῳ
919 2645 962 2720 μὴ
984 2641 1135 2723 δέξωνται,
1158 2653 1180 2706 Β
1204 2642 1244 2706 ἐκ
1268 2639 1389 2720 Σάμῳ,

114 2762 350 2828 Herwerdenus
385 2761 521 2847 conjecit
557 2782 599 2828 cx
632 2760 828 2846 Thucydidis
863 2783 925 2828 usu
962 2761 1156 2846 scripturam
1193 2761 1227 2824 ἐκ
1260 2756 1387 2835 Σάμου,

115 2902 213 2965 quam
236 2878 337 2946 refert
359 2880 470 2946 Valla:
498 2900 582 2962 „non
604 2885 641 2946 ut
669 2880 742 2947 illos
765 2902 784 2946 e
809 2880 904 2947 Samo
1021 2901 1086 2946 non
1108 2874 1324 2962 reciperent''.

159 2996 184 3088 ξ
206 2999 237 3064 4.
259 2998 353 3083 Vulg.
378 2999 539 3076 ἐπίπλους,
563 2998 590 3063 Β
613 3000 734 3066 rectius
756 2999 893 3071 ἔσπλοος.
928 2998 1039 3066 Valla:
1066 2994 1273 3078 ‚,intr0itus”.

160 3115 238 3207 §a
262 3116 289 3181 B
312 3137 482 3201 perperam
505 3119 542 3182 άο
566 3119 647 3184 αὐτοὶ
671 3139 730 3204 pro
752 3121 846 3185 αὑτά.
882 3118 978 3185 Valla
1000 3116 1133 3183 liberius
1154 3116 1259 3183 vertit

164 3236 244 3302 Ibid.
273 3235 363 3322 Vulg.
387 3237 437 3301 κο)
460 3240 499 3303 πὸ
522 3239 641 3303 κοινάν
664 3241 702 3304 ri
724 3240 820 3311 ἐντὸς
844 3243 904 3303 τοῦ
927 3239 1074 3319 τείχους
1097 3235 1298 3318 τειχοζάμεοον
1322 3234 1392 3315 πρὸς

119 3355 283 3420 θάλασσάν.
330 3355 417 3423 Vera
447 3377 561 3422 manus
592 3362 699 3423 exstat
726 3357 760 3421 in
789 3357 816 3422 B
847 3357 885 3421 τὸ
917 3356 1014 3429 ἐντὸς
1045 3357 1084 3422 τὸ
1114 3356 1232 3421 aciaco
1255 3361 1391 3435 τεῖχος.

13 3565 19 3575 ἱ
120 3472 173 3539 Sic
195 3492 323 3557 quoque
347 3474 457 3540 Valla:
485 3483 537 3554 „et
558 3476 693 3542 interior
716 3472 857 3563 (murus)
880 3497 982 3542 novus
1005 3495 1094 3542 mare
1116 3472 1259 3541 versus'’.

164 3597 185 3674 ξ
216 3592 248 3658 5.
278 3591 370 3676 Vulg.
400 3593 450 3657 κοιὶ
480 3594 529 3658 τὸν
558 3602 637 3659 οἶτον
667 3594 831 3677 ἠνάγκαζον
861 3594 979 3669 πάντας
1008 3597 1057 3660 τὸν
1084 3592 1258 3675 ὑπάρχοντά
1281 3618 1317 3658 τε
1341 3593 1392 3691 aad

120 3711 167 3775 τὸν
190 3712 411 3776 ε’ποπλέοοτοο
435 3711 616 3792 ἐξαιρεῖσθαι.
653 3712 862 3780 Verisimilius
884 3715 1142 3795 Βέοπλὲοντοο,
1157 3713 1246 3798 quod
1262 3711 1392 3780 Vallem

119 3829 233 3913 legisse
269 3828 419 3897 dixerim:
457 3832 511 3911 „in
546 3853 642 3917 quam
677 3832 837 3917 cogebant
870 3854 963 3899 suum
999 3853 1157 3917 quemque
1192 3830 1392 3898 frumentum

121 3970 291 4035 seponere,
312 3952 461 4035 quodque
483 3951 570 4017 intra
593 3950 705 4017 urbem
727 3958 812 4018 esset
828 3950 979 4036 quodque
995 3971 1084 4017 mare
1101 3947 1392 4018 adveheretur’'.

164 4244 270 4329 caput
300 4246 340 4310 91
372 4242 450 4333 §L
484 4244 579 4329 Vulg.
602 4247 700 4310 Ταῦτ’
722 4243 769 4311 οὖν
789 4249 826 4312 ἐκ
848 4247 1008 4320 πλείονος
1031 4246 1156 4329 χρόνον
1180 4246 1193 4311 ὃ
1217 4248 1393 4326 Θηραμένης

119 4362 239 4440 διεθοάει.
283 4376 303 4428 Β
327 4366 363 4429 ἐκ
387 4362 548 4434 πλείονάς
572 4386 619 4426 τε.
663 4363 701 4428 In
723 4369 861 4449 utraque
883 4377 919 4430 re
942 4366 1121 4432 Vaticanus
1144 4373 1311 4450 praestat;
1338 4387 1392 4432 co-
