3000 4920
787 291 832 356 50

178 525 315 593 reddens
346 524 444 593 verba
476 547 746 607 „commemorans
776 527 857 593 haec
888 531 920 593 et
949 525 1015 593 alia
1037 546 1121 611 qnae
1143 525 1206 610 ipsi
1229 522 1449 591 videbantur''

180 646 338 712 consentit
371 645 537 731 vulgatae,
571 667 654 734 qnae
685 646 785 714 stulte
815 653 902 714 certe
936 666 1000 714 non
1030 650 1080 713 est
1111 664 1271 730 quamque
1302 642 1450 710 Stahlius

179 763 255 830 olim
277 763 447 849 probabat.
1442 854 1446 859 ‚

223 880 303 947 Ibid.
327 880 418 966 Vulg.
441 883 491 946 καὶ
515 882 558 947 rob
578 881 736 963 στενόπορα
756 887 811 948 τῶν
834 882 944 963 xenion
968 880 1241 964 προφθάσανσες
1263 879 1447 962 Φυλάσσειν.

179 999 272 1068 Solus
295 1005 344 1067 est
365 1003 406 1082 B,
430 1002 484 1085 qui
506 1002 583 1088 legit
605 1002 871 1080 διαλαβόντας,
899 1000 987 1084 quod
1010 1005 1043 1066 et
1065 999 1192 1066 Vallem
1208 996 1327 1064 vidisse
1342 1002 1446 1089 puto:

179 1120 288 1204 egredi
318 1141 428 1187 omnes
459 1119 678 1205 Syracusanos
709 1122 830 1206 pariter
859 1127 892 1188 et
923 1121 1027 1187 socios
1059 1121 1101 1186 ad
1124 1118 1337 1186 obstruendas
1359 1117 1448 1198 vias,

180 1239 509 1322 occupandasque
542 1238 685 1306 locorum
716 1240 881 1325 angustias
916 1243 1015 1323 atquc
1046 1233 1302 1304 custodiendas”.
1348 1235 1449 1303 Cuius

179 1357 266 1423 verbi
297 1357 357 1424 etsi
380 1357 468 1442 apud
490 1362 636 1424 nostrum
658 1358 825 1442 vestigium
848 1357 969 1424 nullum
994 1362 1156 1441 superest,
1189 1354 1309 1440 optime
1336 1361 1447 1420 tamen

179 1480 289 1542 nostro
320 1476 392 1543 Ioco
415 1476 572 1560 quadrat,
603 1483 636 1543 et
658 1476 809 1563 Polybius
833 1478 886 1561 (1,
912 1476 964 1543 18.
988 1475 1028 1555 4,
1052 1476 1108 1557 67)
1131 1478 1168 1540 ut
1190 1473 1288 1540 etiam
1312 1454 1448 1553 Snidas,
1480 1524 1492 1569 .-··

181 1595 343 1679 scriptoris
376 1595 476 1661 nostri
498 1595 691 1676 imitatores,
724 1595 878 1674 διαλαβεῖν
902 1593 1086 1662 testimonio
1110 1591 1310 1660 confirmant
1348 1589 1448 1670 Quid·
1476 1590 1492 1683 ³:

181 1712 259 1797 qnid
289 1712 322 1777 id
354 1718 416 1790 est,
450 1713 662 1781 concedamus
694 1718 821 1799 oportet
851 1711 1003 1779 Classeno
1037 1709 1139 1792 „wohl
1160 1710 1280 1777 konnte
1305 1709 1357 1774 ein
1386 1708 1479 1776 Ab·
1475 1702 1492 1835 ,ᾗ

183 1828 347 1897 schreiber
375 1830 428 1896 fiir
459 1830 517 1897 das
549 1831 670 1898 seltene
701 1830 901 1909 διαλαβόντας
924 1831 985 1897 das
1007 1828 1220 1915 geleufigess.
1243 1829 1298 1896 21.
1322 1827 1361 1915 3,
1387 1828 1446 1912 69,
1476 1816 1492 1967 ’,,

181 1949 212 2016 2.
249 1948 288 2025 8,
325 1948 384 2034 51,
425 1949 457 2032 l)
492 1948 714 2030 τρνφθόταντες
753 1947 942 2026 schreiben,
980 1947 1070 2014 nicht
1107 1945 1317 2032 umgekehrt3
1352 1945 1484 2031 jones
1478 1992 1492 2065 ,³

181 2070 314 2132 stammt
337 2087 396 2133 aus
419 2066 506 2133 einer
528 2065 680 2133 bosseren
704 2065 843 2146 Qnelle''.
1482 2117 1492 2173 ,

195 2194 197 2196 ’
226 2182 303 2274 ἓῖ.
327 2183 417 2269 Vulg.
449 2186 729 2264 θνατεπαυμένους,
751 2199 774 2252 Β
797 2185 1000 2262 πεπαυμέναι
1010 2234 1020 2263 ,
1045 2182 1140 2251 lectio
1162 2181 1314 2249 deterior.
1353 2180 1447 2249 Valle
1485 2214 1492 2271 3.

180 2301 311 2369 liberius
334 2304 439 2370 vertit.
1485 2286 1490 2311 ¹

226 2419 307 2487 Ibid.
339 2421 432 2506 Vulg.
463 2423 554 2504 ἔτυχε
576 2424 636 2505 γὰρ
659 2425 781 2496 αὐτοῖς
902 2424 986 2489 θυσθα
1009 2419 1099 2499 οὖσα,
1122 2421 1150 2487 Β
1174 2418 1315 2507 neglexit
1337 2421 1448 2492 αὐτοῖς.

181 2537 292 2606 Valla:
320 2540 504 2620 „instabant
526 2542 610 2608 enim
634 2563 672 2609 eo
696 2542 747 2608 die
771 2541 931 2609 sacrificia
953 2538 1129 2609 Herculis”.
1490 2540 1492 2545 ’

227 2772 331 2858 Caput
355 2776 398 2842 74
421 2782 441 2860 ξ
467 2779 495 2842 1.
526 2776 621 2862 Vulg.
651 2777 867 2856 ἀναλαβόντες,
900 2791 921 2844 Β
953 2765 1164 2857 ἀναλαβόντας
1196 2774 1301 2861 magis
1326 2795 1367 2841 ex
1389 2795 1449 2842 usu

183 2892 389 2981 Thucydidis.
435 2895 529 2963 Valla
552 2896 785 2964 certioresnos
808 2895 997 2964 nihilfecit
1490 2892 1492 2897 ’

226 3009 251 3102 ξ
274 3013 304 3079 2.
328 3012 419 3099 Vulg.
441 3015 490 3079 aci
513 3020 569 3079 τῶν
592 3023 749 3094 ποταμῶν,
773 3015 892 3101 Bjure
915 3036 980 3083 non
1003 3013 1133 3082 exhibet
1156 3012 1336 3081 articulum.

227 3249 332 3334 Caqut
356 3252 398 3316 75
421 3249 446 3341 ἓ
470 3255 499 3319 1.
531 3251 626 3337 Vulg.
657 3254 697 3335 τῷ
729 3261 768 3320 Ν.
797 3253 846 3318 ιιοόι
876 3254 917 3334 τῷ
949 3250 1141 3334 Δημοσθένει,
1175 3248 1202 3314 Β
1236 3247 1375 3316 alterum
1408 3249 1448 3329 τῷ

184 3367 311 3436 omittit.

227 3483 298 3576 §4
322 3485 416 3571 Vulg.
439 3487 694 3560 ἐπακολουθοῦντες
716 3487 795 3570 θ’,σου
813 3488 961 3573 δύναιντο,
981 3487 1008 3552 B
1024 3492 1110 3553 reete
1126 3486 1388 3556 ἐπακολουθοῦντες
1414 3485 1448 3556 ἐς

183 3602 245 3672 όσον
268 3606 412 3683 δόναιντος
437 3606 544 3692 aptius
567 3609 651 3675 enim
674 3609 790 3676 dicitur
816 3609 960 3693 „insequi
984 3626 1150 3692 quousque
1172 3604 1328 3691 possunt''
1351 3626 1448 3690 qnam

187 3728 360 3807 „quantum
384 3723 545 3809 possunt''.
592 3727 790 3812 Praepositio
814 3732 946 3812 propter
969 3727 1165 3811 praecedens
1188 3725 1448 3796 ἐπακολουθοῦντες

183 3841 278 3908 facile
307 3842 452 3908 excidere
479 3845 594 3928 potuit.
641 3844 738 3910 Valla
759 3845 786 3909 B
810 3844 985 3911 consentit:
1012 3863 1198 3928 „quousque
1220 3848 1375 3927 poterant
1399 3843 1448 3908 in·

185 3958 383 4045 sequentes'’.

228 4079 308 4145 Ibid.
339 4077 436 4144 Valla
465 4079 542 4145 mihi
571 4079 695 4147 videtur
720 4079 826 4146 facere
858 4100 930 4146 cum
951 4079 997 4163 Β,
1027 4079 1084 4164 qni
1106 4099 1165 4164 pro
1188 4077 1335 4164 vulgatae
1359 4079 1388 4145 εό
1409 4104 1449 4160 τῳ

184 4198 214 4262 δὲ
236 4199 420 4278 προλείποι
445 4201 461 4272 ἡ
484 4198 562 4279 ῥώμη
585 4199 634 4264 καὶ
657 4201 691 4264 τό
715 4204 802 4277 σῶμα
817 4198 918 4266 tradit
932 4197 1083 4284 προδόταις
1109 4196 1214 4282 „qnod
1230 4196 1341 4281 siquos
1358 4199 1449 4284 prius

184 4316 265 4384 vires
289 4315 502 4383 membrorum
525 4315 781 4384 defecissent'’
