3000 4920
714 288 757 354 81

143 527 226 595 Ibid.
248 526 342 615 Vulg.
375 531 427 594 real
464 527 556 595 πλείω
589 528 639 595 τὸν
672 536 764 596 πλοῦν
799 530 846 595 διὰ
877 536 1017 612 Φυλακῆς
1047 530 1231 607 πονησάμενοι
1263 531 1291 600 ἐς
1321 532 1374 603 τὴν

107 654 212 715 Καῦνον
241 658 297 725 πῆς
327 650 433 722 Ἀπίας
463 659 605 731 κατῆραν.
651 649 725 716 Fuit
755 649 1033 737 Wilamowilzius‚
1061 651 1116 734 qui
1132 650 1160 731 1)
1183 671 1243 735 pro
1267 648 1372 718 Ἀσία-ἲ

108 770 285 856 suspicatus
323 777 375 839 est
417 773 529 852 Καρίας
572 769 867 839 contradicentibus
912 771 1090 856 Glaeseuo,
1136 770 1372 853 Herwerdeno,

108 887 246 968 Stablio,
283 909 421 975 qnorum
455 890 577 975 primus
614 889 677 956 sic:
721 890 785 972 „Ee
819 888 897 974 liegt
931 889 1032 973 nahe,
1069 889 1120 955 die
1155 888 1372 955 bestimmtere

107 1008 325 1096 Bezeichnung
360 1018 413 1087 τῆς
451 1012 560 1088 Καρίας
595 1032 633 1076 zu
674 1016 848 1077 vermuten.
896 1012 984 1077 Doch
1020 1010 1077 1075 hat
1110 1010 1165 1076 Th.
1202 1007 1253 1074 die
1288 1007 1373 1092 elge·

107 1129 204 1195 neiue
234 1131 324 1194 Ἀσία
356 1129 441 1195 auch
471 1130 508 1208 4,
541 1129 602 1209 75,
634 1128 750 1195 Μοίρι
781 1129 990 1195 tbralrischen
1013 1128 1164 1195 Festlond
1188 1128 1254 1194 und
1286 1128 1323 1206 5,
1352 1128 1369 1191 l

108 1247 159 1314 der
191 1248 279 1315 lnsel
313 1248 413 1314 Delos
447 1247 641 1334 gegeniiber‚
680 1248 737 1314 wie
775 1247 845 1313 hier
884 1248 941 1313 der
980 1246 1066 1314 lusel
1104 1246 1234 1314 Kreta”
1283 1247 1372 1314 Loca

108 1366 233 1434 laudata
268 1369 330 1434 etsi
365 1389 429 1435 non
462 1366 584 1435 infitior
618 1367 792 1452 prudenter
827 1387 899 1433 esse
930 1367 1050 1451 electa,
1083 1367 1230 1451 equidem
1263 1372 1371 1435 tamen

111 1508 167 1552 nou
189 1487 303 1572 credo,
335 1486 421 1553 siin
443 1486 525 1553 libro
549 1485 615 1553 ullo
638 1487 748 1568 Καρίας
772 1486 976 1565 inveniretur,
1008 1487 1048 1553 de
1070 1487 1217 1555 lectionis
1241 1489 1371 1555 sinceri-

111 1611 169 1671 tate
198 1627 393 1692 quemquam
424 1606 599 1675 dubitasse.
645 1607 801 1685 Quocirca
836 1628 954 1692 operae
984 1608 1122 1693 pretium
1151 1630 1222 1675 esse
1245 1609 1370 1675 ridetur

113 1727 267 1792 attendere
298 1726 340 1793 ad
373 1724 568 1811 singularem
599 1726 835 1811 praestantiam
863 1725 937 1792 libri
961 1727 1090 1805 Vallae,
1126 1727 1177 1792 eui
1201 1726 1370 1812 debemus,

114 1849 144 1908 ut
171 1848 296 1927 Καρίας,
330 1851 417 1912 certo
441 1846 559 1912 certius
582 1845 678 1912 lectio
700 1866 791 1924 vera,
825 1851 965 1919 aetatem
989 1848 1114 1915 tuleritz
1142 1854 1195 1928 „et
1216 1849 1371 1933 pleraque

118 1966 307 2051 navigatione
331 1986 391 2050 per
412 1964 591 2031 custodiam
616 1964 780 2046 confecta,
804 1972 975 2033 tenuerunt
1001 1967 1043 2034 ad
1067 1967 1211 2034 Caunum
1227 1966 1370 2034 Gariae”.

117 2082 232 2168 Siquis
255 2085 297 2150 de
319 2085 503 2169 interpretis
526 2085 627 2168 ipsius
650 2085 873 2151 emendatione
897 2085 1101 2169 cogitandum
1125 2086 1263 2154 fortasse
1285 2087 1370 2152 exis·

118 2203 211 2288 timet,
234 2204 327 2270 velim
351 2225 482 2289 rogare,
506 2226 581 2270 num
606 2203 774 2270 verisimile
798 2205 840 2269 sit
863 2204 898 2269 in
915 2205 981 2271 riro
997 2226 1134 2289 graecae
1150 2205 1278 2289 linguae
1304 2214 1369 2272 tam

120 2342 216 2405 pamm
249 2345 368 2408 gnaro,
403 2330 439 2390 nt
474 2323 611 2409 puerilia
645 2324 804 2390 interdum
841 2344 905 2389 non
939 2324 1134 2392 intellexerit
1151 2327 1197 2410 2ρ,
1236 2346 1370 2392 acumen

122 2442 246 2508 criticum
269 2440 384 2510 inisset

158 2676 252 2763 Caput
273 2680 318 2746 40
340 2680 365 2772 ᾖ
384 2681 413 2746 l.
437 2678 531 2764 Vulg.
556 2680 580 2746 el
604 2680 632 2745 δὲ
658 2687 717 2745 Χῖον
842 2682 946 2762 καίπερ
970 2683 1167 2757 διαμέλλοντα
1190 2684 1239 2747 τὸν
1260 2683 1369 2749 Ἀστύ-

127 2819 177 2876 οχον
196 2801 398 2876 πέμποντες
422 2799 572 2878 ἀγγέλους
596 2798 688 2876 ἠξίουν
811 2800 964 2877 βοηθῆσαι.
987 2815 1008 2867 Β
1030 2803 1257 2888 πέμψαντες,
1283 2804 1368 2886 quod

129 2914 333 2999 significantius
365 2919 486 2985 dictum
516 2924 615 3003 putat
637 2920 818 2986 Classenus.
851 2921 1053 2987 Contrarium
1081 2922 1229 3006 equidem
1256 2923 1368 3003 eredo;

129 3053 211 3103 nonne
241 3038 416 3105 ferventior
457 3039 561 3104 oratio
595 3040 703 3104 evadit
736 3061 793 3124 per
830 3041 1036 3124 participium
1071 3044 1269 3126 praesentis:
1309 3043 1368 3109 etei

130 3152 281 3242 lstyochus
317 3165 497 3236 cunctatur,
532 3158 603 3225 Chii
638 3160 790 3227 auxilium
825 3182 940 3246 rogare
975 3185 1038 3228 non
1071 3163 1220 3229 desinunt
1251 3165 1368 3230 semel

130 3270 316 3364 iterumque
349 3280 473 3363 legatos
506 3280 716 3346 mittentes.
763 3280 914 3359 Accedit,
948 3283 1032 3366 quod
1057 3288 1189 3368 propter
1213 3305 1368 3368 praesens

131 3388 297 3470 irretitam
320 3398 527 3483 praetulerim
552 3420 679 3483 quoque
703 3399 878 3477 reprom.
913 3399 1007 3467 Valla
1029 3400 1160 3468 liberius
1188 3424 1265 3487 „per
1288 3425 1369 3469 nun·

128 3511 172 3594 lios
193 3518 359 3586 orabant’'
407 3518 578 3604 Vulgatam
602 3519 734 3585 retinuit
757 3518 909 3586 Stahlius.

112 3792 114 3796 >
161 3753 256 3842 Caput
279 3759 324 3825 42
349 3764 369 3841 ξ
392 3760 423 3825 2.
447 3758 540 3844 Vulg.
563 3761 686 3837 τοῦμὲν
707 3767 834 3841 Φονεροῡ
857 3761 917 3836 ἤδη
940 3760 1043 3832 ἔντος.
1072 3760 1223 3827 Perverse
1247 3768 1369 3828 mutato

119 3874 211 3942 ordine
231 3878 260 3942 B
282 3877 384 3949 ὄντος
407 3878 477 3953 ἤδη.
512 3879 607 3945 Valla
630 3879 806 3964 neglexisse
830 3879 955 3945 videtur
979 3879 1180 3944 adverbium:
1207 3881 1309 3963 „adeo
1334 3888 1369 3947 ut

114 3991 262 4061 sinistrum
287 4016 388 4062 cornu
410 3997 532 4064 reniret
554 3998 588 4064 in
612 4004 817 4082 conspectum
842 3995 1109 4063 Atheniensium.'’

134 4275 160 4342 1)
178 4276 288 4327 Hermae
306 4276 367 4328 ill.
382 4291 441 4344 paq.
456 4276 515 4330 366.

133 4373 160 4438 2)
178 4373 210 4425 ci.
227 4373 310 4438 praei.
326 4388 385 4440 pag.
402 4372 447 4425 Vl
