3000 4920
790 309 834 376 98

175 547 319 627 βασιλεὺς
354 567 413 632 pro
445 546 609 624 βουλευέτω
643 546 798 622 βασιλεὺς.
835 546 931 612 Valla
970 546 1144 630 respondet
1174 546 1246 630 jure
1275 544 1444 628 vulgatae:

179 664 287 745 „nullo
307 665 374 749 jam
398 664 588 750 magistratu
610 685 651 731 ex
673 664 809 749 pristino
831 664 978 731 instituto
1001 663 1092 749 fungi
1115 660 1293 748 oportere&

221 901 326 986 Caput
349 902 391 967 68
422 899 446 992 ἓ
472 902 501 967 1.
538 902 631 986 Vulg.
663 904 678 969 ί
711 901 808 979 μέντοι
838 899 935 966 ίίσαν
965 903 999 967 τὸ
1021 904 1154 983 τσροῖνμα
1175 900 1299 980 tolosa,
1325 912 1348 966 Β
1372 903 1446 965 τῖον.

176 1021 287 1088 Valla:
315 1020 390 1105 „qui
413 1041 487 1088 vere
511 1025 614 1088 totum
637 1021 800 1106 negotium
823 1020 1076 1106 composuerat’.

220 1138 301 1207 Ibid.
327 1139 420 1224 Vulg,
455 1137 510 1220 ὅτῳ
543 1139 637 1220 τρίτῳ
673 1140 830 1215 κατέστη
855 1141 888 1212 ές
918 1145 1022 1206 τοῦτο
1052 1139 1145 1206 unice
1176 1158 1253 1205 vera
1274 1137 1385 1216 lecti0,
1409 1143 1446 1204 ut

176 1259 274 1326 etiam
297 1260 384 1344 apud
408 1258 550 1326 Vallem:
578 1281 663 1345 „qua
685 1260 810 1326 ratione
833 1260 876 1327 ad
898 1260 959 1327 hoc
983 1259 1215 1327 deveniretur'’.
1238 1258 1370 1325 Bsolue
1386 1257 1445 1323 sed

176 1397 323 1462 perverse
346 1377 400 1458 ίτορ
423 1379 518 1460 τρίτῳ
541 1378 744 1454 κατέστησε
768 1385 879 1444 τοῦτο.

221 1495 302 1561 Ibid.
325 1495 417 1581 Vulg.
439 1498 529 1579 αρετῇ
552 1522 585 1562 τε
608 1497 743 1570 οὐδενὸς
767 1493 930 1581 ὕστερον,
953 1496 1125 1571 Βούδενὸς
1142 1495 1301 1576 δεύτερος
1318 1494 1448 1561 sollem-

175 1615 226 1681 nis
259 1614 551 1700 significanterque
581 1616 734 1700 loquendi
765 1617 849 1683 ratio
880 1616 919 1682 cl.
950 1617 990 1694 2,
1023 1617 1083 1702 79,
1114 1617 1145 1681 5.
1192 1614 1326 1681 Accedit
1355 1613 1447 1698 qued

176 1735 303 1815 δεύτερος
334 1735 434 1800 multo
464 1734 591 1801 facilius
623 1735 712 1801 abire
742 1735 886 1819 potuerit
912 1735 946 1800 in
970 1733 1102 1816 ὕστερος,
1126 1732 1314 1801 vocabulum
1339 1733 1445 1818 magis

179 1851 343 1936 vulgatum
376 1872 473 1936 quam
495 1852 638 1918 invicem.
674 1852 825 1919 Vaticani
847 1854 1025 1920 auctoritas
1049 1851 1263 1937 amplificatur
1287 1872 1308 1917 a
1328 1849 1444 1917 Valla:

183 1971 250 2050 „vir
272 1970 513 2038 Atheniensium
537 1972 585 2037 sui
608 1973 761 2056 temporis
785 1971 865 2037 nulli
888 1971 1047 2038 secundus
1070 1969 1212 2038 virtute''.

219 2088 301 2172 Ibid.
336 2088 428 2174 Vulg.
460 2091 489 2163 ἐς
518 2091 573 2169 μὲν
595 2091 683 2167 δῆμον
706 2093 738 2155 οὐ
765 2092 872 2172 σαρκίον
895 2091 954 2156 οὐδ’
978 2093 1006 2164 ές
1030 2070 1123 2155 ἄλλον
1147 2091 1250 2167 dyona
1272 2086 1444 2164 ἓκῖονσίως

176 2207 276 2274 οὐδένα
283 2233 292 2288 ;
328 2220 350 2273 Β
383 2209 552 2284 ἑκούσιος,
584 2209 670 2293 qued
701 2214 834 2294 propter
864 2228 1002 2294 sequens
1033 2210 1169 2281 ὑπόπτως
1198 2209 1233 2274 in
1255 2206 1443 2274 adverbium

175 2324 255 2392 abiit
284 2326 316 2390 in
338 2326 493 2410 ¹vulgata.
542 2326 735 2393 Vaticanum
766 2348 806 2393 ex
837 2327 1004 2411 scriptoris
1028 2348 1089 2393 usu
1111 2326 1249 2407 dictum,
1268 2327 1343 2411 jure
1367 2346 1444 2410 pro-

175 2445 295 2513 barunt
319 2447 465 2514 editores.
496 2446 591 2514 Valla
614 2468 741 2532 quoque
765 2448 844 2514 vidit
866 2448 1071 2534 adjectivum:
1098 2447 1175 2534 „qui
1190 2467 1294 2531 neque
1317 2446 1361 2512 ad
1385 2467 1442 2531 po-

174 2564 302 2653 pulum,
325 2586 430 2651 neque
453 2566 552 2632 ullam
572 2567 605 2631 in
622 2569 857 2634 contentionem
880 2567 1126 2634 voluntarius
1150 2563 1333 2651 prodibat&

217 2679 287 2769 §2
310 2683 360 2747 καί
383 2683 472 2756 αὖτίς
495 2709 545 2761 τε,
564 2684 686 2760 ε’τενδίη
709 2686 753 2750 τα
776 2691 840 2750 τῶν
863 2685 1094 2766 τετρακοσίων
1117 2687 1150 2751 ἕν
1173 2683 1302 2765 ὑστέρῳ
1324 2707 1440 2759 μετα-

174 2799 330 2867 τεσίντα
353 2802 418 2866 ὑπὸ
441 2808 502 2868 τοῦ
525 2802 635 2878 δίμοο
657 2805 839 2868 ἐκακοῦτο.
856 2804 882 2868 Β
899 2825 970 2869 cum
988 2803 1148 2872 nonnullis
1164 2803 1235 2872 aliie
1252 2801 1440 2889 (AERM.)

173 2919 224 2985 καί
249 2919 337 2994 αὖτίς
360 2946 395 2986 τε
417 2920 513 2997 ἕτενδη
536 2920 665 3000 μετέστη
691 2926 707 3000 η
730 2921 910 3000 δημοκρατία
932 2922 982 2987 καί
1007 2924 1035 2994 ἕρ
1058 2923 1177 3000 οίρίίνασ
1204 2919 1334 2996 κατέστη
1358 2921 1440 2996 μετὰ

174 3044 229 3103 τῶν
260 3040 450 3120 τετρακοσίων
480 3041 509 3104 έν
543 3040 649 3121 ὑστέρῳ
678 3039 888 3118 μεταπεσόντα
911 3041 966 3105 ὑπὸ
989 3045 1039 3105 τοῦ
1062 3040 1153 3117 δίμνν
1176 3041 1334 3117 ἐκακοῦτο,
1360 3059 1440 3123 quo·

173 3179 244 3224 rum
278 3159 422 3244 spuriam
456 3163 605 3226 naturam
642 3180 759 3244 magna
792 3178 871 3241 sane
900 3179 959 3244 pro
990 3165 1083 3244 parte
1113 3157 1235 3224 indicat
1265 3155 1437 3225 Scholion:

172 3279 300 3356 κείμενον
332 3278 365 3363 (i.
390 3299 418 3343 e.
442 3279 602 3362 scriptura
632 3279 728 3344 etiam
761 3281 877 3363 exstat)
908 3277 1004 3353 ε’τενδίη
1035 3277 1163 3355 μετέστη
1195 3279 1212 3353 η
1239 3275 1439 3358 δημοκρατία,

173 3398 223 3463 καί
247 3399 276 3469 ές
304 3399 423 3477 οίνῶνας
446 3398 575 3475 μετέστη
599 3398 742 3482 (κατέστη
750 3400 779 3484 ί)
810 3399 891 3475 μετα
914 3404 970 3463 τῶν
994 3397 1021 3463 τί.
1056 3395 1197 3462 Stahliue
1220 3395 1327 3462 locum
1349 3396 1439 3464 inea·

174 3515 311 3582 nabilem
342 3514 478 3582 ubertim
509 3516 660 3582 tractavit
674 3517 703 3602 1)
734 3522 919 3602 textumque
949 3515 1033 3581 hunc
1054 3515 1090 3580 in
1118 3513 1246 3580 modum
1269 3515 1440 3583 restituen-

174 3633 248 3700 dum
272 3634 455 3719 proposuit:
480 3636 576 3709 incili
602 3633 792 3724 [μετέστησεν
817 3639 833 3712 η
850 3632 1040 3723 δημοκρατία]
1057 3633 1107 3699 καί
1124 3636 1153 3706 ἒς
1171 3636 1291 3711 ἀγῶνας
1308 3633 1438 3710 κατέστη

172 3752 254 3831 μετὰ
276 3753 317 3819 τοί
339 3759 394 3818 τῶν
415 3756 604 3833 τετρακοσίων
626 3756 655 3820 ἕν
672 3755 778 3837 ὑστέρῳ
796 3754 1007 3834 μεταπεσόντα
1023 3754 1078 3818 ὑπὸ
1094 3758 1144 3818 τοῦ
1160 3752 1249 3831 δήμου
1263 3750 1438 3841 {laomim}

173 3869 253 3935 Mihi
286 3868 416 3953 quidem
450 3870 578 3956 vulgata
612 3893 676 3939 non
711 3872 869 3956 displicet.
916 3871 1026 3939 Valla:
1063 3876 1115 3954 „et
1148 3870 1204 3954 qui
1233 3871 1440 3954 postmodum

173 3989 285 4073 (quum
309 3992 395 4056 statu
418 3991 724 4077 quadringentorum
745 3992 908 4078 collapso,
933 3996 1007 4058 acta
1029 3991 1157 4058 illorum
1179 3990 1319 4073 populus
1337 3990 1440 4057 ultum

204 4369 233 4445 1)
250 4371 282 4424 cf.
300 4369 389 4442 Symb.
406 4371 500 4422 Philol.
518 4370 627 4425 Bennae
644 4368 716 4425 1867.
