3000 4920
668 295 690 367 5

10 543 81 627 ioue
123 543 410 610 classiariorum
444 542 579 608 militum
608 542 770 627 Jaoturam
800 561 870 608 esse
901 539 1039 608 factam:
1070 538 1143 607 ὥστε
1173 540 1224 606 καὶ
1254 546 1310 606 τῶι

10 663 223 744 ·λιρωμάτων
254 664 325 743 οὐχ
348 659 455 738 ἥκιστιι
478 663 546 728 τότε
569 668 678 740 πρῶτον
701 659 826 735 κάκωσις
850 660 977 739 ἐγένετο.

34 782 124 850 lbid.
167 781 293 867 Vulg.
327 786 362 848 et
390 793 412 846 Β
443 778 490 847 iva
519 785 562 860 μὴ
596 782 923 860 ιιιικιυιγιίσιιντες
953 780 1061 859 ε’ξίιιει.
1104 780 1214 847 Valla:
1247 780 1310 864 „ad

10 905 84 988 ipsos
117 900 389 971 infestandos''.
435 902 528 988 Legit
556 902 674 988 igitur,
705 909 742 969 ut
768 903 837 988 jam
861 899 1044 987 Stephanus
1067 900 1309 979 animadvertit,

10 1024 377 1104 κακουργήσοντες,
401 1022 487 1106 quod
509 1022 603 1089 unice
625 1029 676 1089 est
697 1042 814 1089 verum

54 1291 173 1377 Caput
200 1293 227 1357 5
254 1289 281 1381 ξ
307 1292 324 1356 l
350 1291 532 1374 ἐτείχιζε,
556 1304 578 1358 Β
602 1291 816 1374 διετείχιζε,
840 1291 949 1358 Valla:
976 1288 1310 1374 „murumexstruit’'.

23 1409 114 1477 Reote
139 1410 189 1477 ef.
217 1432 248 1476 a
272 1409 297 1474 4
319 1407 345 1498 ξ
370 1411 399 1475 l.
445 1408 620 1477 Classenus
642 1410 683 1477 de
706 1422 728 1476 Β
751 1411 814 1478 sio:
839 1409 1032 1497 ,διετείχιζε,
1057 1409 1115 1477 wie
1131 1409 1203 1477 Vat
1217 1408 1308 1492 lieet,

28 1529 139 1597 letuht
171 1529 266 1596 wohl
298 1550 361 1595 nur
391 1528 449 1596 auf
476 1529 579 1596 einem
612 1526 877 1596 Sohreibfehler’'.
924 1528 1082 1613 Equidem
1112 1529 1153 1595 de
1181 1527 1305 1595 librarii

34 1649 143 1716 nenda
177 1649 301 1716 oalami
331 1669 398 1715 non
430 1649 551 1734 eogito;
581 1646 665 1714 liber
695 1648 780 1714 enim
810 1647 966 1734 septimus
997 1653 1034 1714 ut
1058 1648 1154 1714 etiam
1177 1652 1308 1714 octavus

38 1765 105 1833 inB
130 1767 275 1834 oorneoti
302 1766 471 1853 permultis
493 1765 573 1834 locis
596 1772 672 1835 sunt
694 1765 736 1833 ab
758 1765 887 1834 homine
909 1765 1051 1852 quodam
1075 1766 1155 1834 artis
1179 1766 1310 1832 criticae

43 1883 117 1951 hund
152 1887 287 1971 ignaro,
325 1884 383 1953 sed
420 1887 475 1971 qui
508 1886 654 1972 saepius,
688 1886 782 1952 nimis
817 1891 988 1952 accuratus
1020 1906 1091 1951 oum
1122 1885 1198 1951 velit
1220 1904 1312 1963 esse,

50 1999 181 2087 linguam
215 2003 359 2071 offendit.
407 2002 460 2071 Sic
482 2009 594 2072 nostro
617 1980 687 2071 loeo
710 2004 789 2070 mihi
810 2025 1001 2089 persuasum
1022 2008 1073 2070 est
1094 2011 1311 2070 correctorem

10 2161 16 2197 o
54 2141 99 2204 uer
125 2123 313 2208 διιιτειχιζειι
342 2126 484 2193 indioare
514 2125 652 2193 voluisse
676 2124 850 2210 Gylippum
872 2146 998 2190 murum
1022 2124 1064 2189 ad
1087 2122 1184 2189 finem
1205 2143 1312 2207 usque

15 2277 18 2318 :
58 2242 251 2322 exstruxisse,
278 2265 362 2328 quae
384 2250 494 2311 tamen
516 2246 562 2313 vie
585 2246 620 2312 in
643 2246 739 2312 verbo
763 2245 941 2330 composito
964 2265 1029 2310 non
1051 2243 1188 2327 inestl).

10 2378 12 2388 ⁴
91 2357 266 2448 gnuog.
289 2362 451 2444 Γύιιίιιπῳ,
488 2377 510 2430 Β
534 2363 627 2430 addit
650 2364 831 2431 articulum.

10 2515 20 2559 ιι
93 2474 267 2568 §3ang.
290 2483 304 2546 d
327 2482 494 2570 Γύλιππος,
522 2496 544 2549 Β
568 2483 582 2546 ὅ
604 2483 669 2561 μὲν
692 2493 726 2549 Γ.

18 2664 20 2686 ,
92 2595 152 2688 §4
174 2600 268 2686 Vulg.
290 2601 379 2679 είμίι
402 2601 554 2679 &Eudemus
569 2651 576 2666 .
592 2652 598 2668 .
615 2649 644 2668 ..
668 2599 921 2678 ἐξιλάσασθαι
946 2604 979 2667 ἔκ
1000 2611 1052 2678 τῆς
1076 2602 1193 2685 χώρας,
1217 2611 1239 2665 Β
1264 2597 1311 2676 ἐξ·

14 2734 21 2797 χ
63 2714 204 2786 stetten.
241 2718 337 2786 Valla
366 2719 499 2787 liberius
531 2740 628 2804 quam
659 2724 695 2785 ut
721 2718 762 2787 de
786 2720 855 2787 eius
879 2720 1042 2805 scriptura
1064 2719 1142 2805 quid
1164 2723 1309 2786 statuere

62 2828 148 2903 lioeatz
185 2858 273 2919 „non
296 2837 557 2904 committendum
580 2857 652 2904 esse
676 2838 756 2922 quin
780 2837 873 2904 Iones
888 2843 922 2904 et
935 2838 1100 2906 insulanos
1115 2845 1148 2904 et
1162 2837 1308 2904 homines

63 3071 192 3156 originem
228 3075 312 3160 petit
344 3095 366 3140 a
396 3081 592 3163 correctore,
629 3075 685 3159 qui
719 3096 792 3141 oum
824 3075 864 3142 de
898 3097 933 3141 re
967 3074 1077 3141 futura
1111 3095 1215 3142 sermo
1251 3074 1311 3157 sit,

10 3234 13 3257 ι
61 3192 194 3260 anetum
225 3193 345 3279 injuria
373 3193 408 3260 in
438 3193 582 3261 futurum
613 3193 763 3280 mutavit,
798 3213 902 3278 neque
937 3191 1126 3272 Classenus,
1163 3192 1311 3260 Vaticani

10 3327 19 3392 ι.
59 3305 148 3378 suntor
179 3312 230 3378 vel
258 3312 417 3378 maximus
425 3363 438 3401 s.
467 3313 588 3379 uariam
620 3311 789 3382 lectionem
820 3312 904 3377 tueri
935 3311 1058 3397 potuit,
1091 3312 1231 3378 monitus
1259 3332 1313 3395 ge·

10 3468 16 3511 ,
59 3429 143 3497 nellis
164 3429 263 3508 locis,
291 3431 327 3516 1,
353 3429 413 3510 74,
438 3432 469 3496 2.
496 3432 578 3513 132,
601 3432 633 3500 2.
658 3433 696 3517 3,
721 3431 782 3516 39,
807 3432 838 3497 3.
860 3431 922 3511 40,
945 3430 976 3496 5.
1002 3431 1033 3517 7,
1057 3430 1118 3516 63,
1142 3431 1176 3495 4.

91 3695 191 3782 Caput
213 3699 234 3764 6
258 3693 283 3786 ἓ
309 3701 325 3761 1
349 3698 521 3779 μάχεσθαι,
550 3710 572 3763 Β
595 3697 773 3777 dudasela,
806 3697 891 3781 quod
914 3716 973 3780 pro
998 3695 1123 3761 sincera
1145 3694 1311 3779 scriptoris

55 3833 139 3883 nanu
167 3817 275 3902 posuit
305 3824 466 3884 corrector
495 3817 538 3883 ad
569 3817 759 3882 varietatem
781 3814 937 3881 orationis
959 3811 1174 3880 efficiendam.
1214 3812 1312 3880 Valla

53 3930 120 4001 feeit
149 3956 220 4002 eum
251 3934 396 4020 vulgatas
435 3934 686 4016 „debellarunt'',
715 3953 913 4019 quamquam
934 3931 1076 4018 pellucet
1098 3953 1170 3998 eum
1193 3952 1312 4017 grassa

52 4073 109 4121 non
140 4054 353 4122 intellexisse:
391 4054 467 4139 „qui
500 4055 529 4120 si
565 4053 773 4137 aeoessiseet,
805 4055 929 4119 faceret
959 4057 996 4118 ut
1022 4049 1216 4138 Syracusani
1246 4072 1312 4119 uon

80 4389 105 4452 ί)
122 4391 153 4442 ci.
171 4406 192 4443 o.
210 4390 236 4445 6.
253 4389 267 4457 §
285 4387 298 4441 ί
318 4393 345 4443 et
362 4389 394 4440 de
411 4385 578 4457 διατειχίζων
595 4402 618 4439 ιι
635 4385 668 4438 ld
684 4388 698 4454 §
715 4388 739 4440 4.
