3000 4920
717 366 782 432 123

158 603 267 686 Caput
300 603 363 668 106
393 599 419 689 8
449 603 478 668 1.
507 600 599 687 Vulg.
629 601 749 678 naus,
780 609 818 669 ut
849 602 960 670 Valla:
995 603 1180 690 „Pydium”.
1212 603 1297 675 Bet
1319 606 1389 674 allii

110 722 260 789 nonnulli
281 721 357 787 libri
378 721 505 786 Μείδια.
541 719 655 786 Lectio
679 740 744 786 non
766 725 904 787 constat

159 847 180 924 8
205 842 236 905 2.
269 839 361 924 Vulg.
391 839 568 919 Φοβούμενα
597 840 658 920 γὰρ
684 837 756 912 τέως
778 841 812 904 τὸ
834 845 892 904 τῶν
913 820 1147 915 ΠελοποννησίωνΙ
1170 842 1318 909 sacrista:
1344 842 1388 912 ad

110 981 188 1026 eum
229 980 331 1043 usque
362 957 447 1024 diem
477 957 784 1042 Peloponnesiorum
814 959 953 1026 classem
983 959 1234 1028 reformidarunt
1240 988 1251 1041 3
1290 963 1387 1048 signi·

107 1077 248 1144 ficanter
270 1077 400 1143 additur
422 1078 511 1152 τέως,
546 1076 634 1160 quod
664 1077 783 1143 omittit
804 1076 832 1141 B
854 1078 1033 1157 φοβούμενοί
1055 1104 1089 1143 τε
1111 1103 1189 1160 γαρ,
1212 1081 1247 1147 in
1269 1081 1387 1165 quibus

111 1222 149 1260 τε
172 1216 332 1280 nusquam
362 1196 504 1280 respicit.
550 1195 645 1262 Valla
674 1200 782 1261 autem
806 1196 994 1271 1111111111,
1023 1197 1100 1264 licet
1122 1197 1206 1265 falso
1228 1199 1387 1284 interpre-

111 1323 203 1383 tatus
227 1317 284 1382 sit:
323 1316 463 1399 „qnippe
485 1315 727 1381 extimescentes
749 1320 827 1381 tunc
849 1315 1155 1401 Peloponnesiorum
1177 1318 1346 1388 classem''.

162 1441 183 1518 §
207 1436 237 1501 3.
268 1435 392 1519 Iujuria
422 1436 456 1500 in
488 1433 514 1498 B
538 1434 633 1500 abest
665 1433 715 1498 καὶ
738 1436 874 1505 Βοιωτίας
898 1433 964 1512 δύο,
989 1436 1075 1521 quod
1098 1438 1255 1522 expressit
1277 1438 1388 1507 Valla:

114 1554 418 1633 „Ambraciotamm
441 1559 474 1619 et
495 1553 691 1620 Boeotorum
714 1553 840 1620 binao”.
1167 1584 1170 1587 ·

161 1672 243 1739 Ibid.
268 1673 359 1758 Vulg.
383 1675 589 1757 nummulum
613 1672 641 1737 B
664 1678 751 1737 recte
774 1674 944 1749 Πελληνέων
961 1674 1193 1743 anominativo
1210 1676 1389 1753 Πελληνεύς.

115 1792 227 1859 Valla:
256 1790 545 1876 ‚‚Pellenensium”,
570 1791 658 1875 quod
679 1792 732 1856 vix
756 1792 896 1859 concinit
918 1792 1076 1876 vulgatae.

162 1908 240 2000 84.
272 1910 365 1995 Vulg.
400 1917 433 1976 et
463 1910 491 1975 B
522 1911 618 1989 τριήρη
645 1907 788 1988 ἄγγελον.
833 1909 923 1976 Libri
945 1912 1025 1996 Aug.
1049 1912 1230 1980 Gasa‘Pal.
1254 1914 1330 2000 Reg.
1352 1915 1389 1982 Τ.

116 2032 220 2110 τριήρει
243 2029 394 2107 ἄγγελον,
427 2027 513 2113 quod
536 2028 631 2095 Valla
654 2029 749 2094 vidit:
787 2029 953 2111 „nuntium
976 2030 1128 2097 victoriae
1150 2031 1273 2099 triremi
1296 2033 1390 2100 mise·

117 2147 222 2216 runt''.
255 2148 365 2214 Lectio
388 2168 452 2214 non
476 2147 572 2232 plane
596 2152 733 2213 constat.

131 2400 134 2405 '
162 2387 269 2472 Caput
294 2388 366 2452 107.
389 2385 482 2469 Vulg.
505 2386 676 2466 ἀφικόμενοι
700 2384 729 2448 δὲ
752 2384 802 2449 καὶ
827 2384 875 2448 ἐπὶ
899 2389 955 2459 τὴν
975 2384 1096 2466 Κύζικον
1113 2387 1283 2468 otrslxirrou
1300 2387 1389 2455 οὖσαν

122 2505 340 2584 προσηγάγοντο
375 2504 474 2570 πάλιν.
520 2503 546 2568 Β
579 2502 717 2569 alterum
750 2505 802 2567 καί
809 2551 818 2580 ,
855 2523 951 2570 sensu
984 2525 1136 2586 vacuum,
1172 2507 1286 2574 inserit
1316 2514 1390 2592 post

120 2624 254 2705 Κύζικον,
286 2623 374 2707 quod
396 2618 483 2707 apud
506 2622 632 2689 Vallam
655 2642 720 2687 non
744 2628 869 2689 exstat:
904 2629 956 2704 „et
978 2623 1096 2709 perlati
1118 2623 1267 2710 Cyzicum
1290 2627 1390 2696 muris

118 2747 298 2827 carentem,
322 2743 439 2807 iterum
463 2740 681 2825 receperunt”.

162 2982 269 3066 Caput
296 2979 357 3045 108
381 2979 405 3070 8
431 2983 461 3048 l.
485 2979 579 3063 Vulg.
602 2981 854 3058 neocaesariam
877 2980 905 3045 Β
929 2980 1101 3047 mucelam
1126 2982 1228 3050 addit.

163 3099 187 3189 8
211 3103 240 3167 2.
268 3100 362 3184 Vulg.
395 3106 495 3165 ταῦτα
518 3099 555 3164 δέ
580 3097 696 3178 πράξας
717 3098 768 3162 καὶ
791 3096 973 3180 ἄρχοντας
996 3102 1025 3164 ἐν
1048 3102 1156 3181 111Κῷ
1179 3102 1387 3177 καταστήσας.

121 3219 146 3282 Β
169 3221 287 3305 injuria
317 3219 504 3304 1111111111,
538 3239 598 3303 pro
621 3216 771 3299 ἄρχοντας
799 3222 908 3284 autem
930 3217 1009 3304 legit
1031 3217 1181 3305 ἄρχοντα,
1205 3219 1292 3304 quod
1313 3240 1388 3305 pro·

120 3337 198 3404 bant
221 3338 380 3418 editores,
405 3358 503 3421 quum
525 3337 560 3403 in
583 3342 650 3403 tam
674 3336 808 3422 parvula
830 3338 937 3405 insula
959 3337 1069 3422 plures
1092 3338 1301 3424 magistratus
1316 3359 1388 3406 esse

119 3458 280 3524 institutos
305 3462 430 3542 negent.
460 3455 718 3541 Uniuscuiusque
741 3462 848 3523 autem
870 3462 921 3524 est
941 3457 1008 3525 tale
1030 3457 1109 3542 quid
1134 3456 1387 3525 animadvertere

118 3583 152 3641 et
175 3578 302 3655 eadem,
326 3577 360 3641 ni
374 3575 488 3655 fallor,
512 3575 717 3642 ratiocinatio
733 3576 939 3642 correctionis
955 3596 1054 3644 causo
1070 3576 1140 3642 fuit.
1166 3575 1388 3646 concedamus

119 3695 214 3779 igitur
242 3702 292 3761 est
321 3715 451 3762 necesse
483 3694 590 3778 potius
621 3694 781 3779 pluralem
812 3715 980 3761 numerum
1009 3695 1099 3762 abire
1129 3696 1166 3762 in
1193 3696 1387 3784 singularem

83 3805 86 3808 ⁴
119 3815 261 3897 potuisse
283 3835 382 3898 quam
404 3814 549 3879 invicem.
597 3812 705 3879 Valla:
735 3811 1062 3898 „magistratibusque
1084 3813 1151 3880 illio
1174 3814 1387 3883 constitutis”.

161 3930 614 4024 84.111118.Ἀτραμύττιον,
639 3944 660 3997 Β
685 3930 905 4011 Ἀδοαμύτεοον.
949 3930 1057 3998 Valla:
1086 3931 1349 4020 „Atramyttum''.

162 4052 243 4118 Ibid.
267 4052 448 4136 1111111111
472 4052 593 4129 ἕαυτοῦ;
617 4062 639 4115 Β
662 4057 713 4116 τοῦ
737 4051 858 4129 ἑαυτοῦ,
884 4070 1065 4136 perperam.
1096 4050 1208 4119 Valla:
1234 4052 1386 4133 ,111111111-

118 4173 195 4238 data
218 4192 348 4238 suorum
370 4168 499 4238 munu”.

162 4406 269 4511 Caput
292 4409 367 4475 109.
392 4407 484 4494 Vulg.
508 4409 537 4472 ἐν
559 4416 597 4489 τῇ
619 4409 755 4488 Μιλήτῳ.
801 4405 829 4470 Β
853 4405 1022 4475 articulum
1048 4409 1176 4478 omittit.
