2962 4912
744 330 788 396 76

127 566 276 633 mendose
310 567 465 646 redderer.
512 566 654 635 Stahlius
689 568 878 656 νὶγιινόνιες,
914 570 1000 653 quod
1034 576 1169 656 propter
1202 593 1320 655 praece

40 738 52 753 .
126 689 244 769 ἔχοντες
267 687 335 755 lere
358 687 519 773 abundat,
545 710 565 755 a
588 687 684 755 Valla
707 690 860 756 omissum
884 709 955 756 csse
972 690 1216 773 animadvertit;
1240 713 1320 777 quar

126 833 238 886 causa,
273 831 330 875 cur
359 807 575 874 Herwerdono
604 807 762 892 probante
792 807 982 875 vocabulum
1010 810 1136 877 uncinis
1164 811 1320 882 incluseri

124 932 246 997 doctus.
269 928 380 995 Valla:
407 948 498 1009 „cum
521 926 655 1012 triginta
678 927 813 993 naribus
837 934 869 994 et
885 933 977 1012 parte
994 936 1192 997 armatorum
1210 982 1217 996 .
1232 984 1238 997 .
1254 981 1285 1001 ..
1311 954 1320 999 ι

123 1049 200 1116 ariis
223 1048 357 1135 navigiis
381 1047 505 1115 advecti
529 1045 660 1113 suntin
684 1044 825 1113 Obium'’.

167 1289 272 1375 Caput
295 1292 334 1356 31
361 1287 385 1378 ξ
408 1289 439 1354 4.
483 1287 574 1372 Vulg.
599 1287 640 1352 rub
663 1286 687 1351 δ’
710 1287 948 1366 ἐσβαλόμενοι
973 1288 1169 1355 ἀπέπλευσαν
1192 1292 1221 1361 ἐς
1248 1290 1320 1356 <boia

122 1410 247 1477 Graeca
276 1431 341 1477 non
371 1407 558 1493 intellegens
592 1407 688 1474 Valla
718 1409 759 1472 roi
791 1408 821 1474 a
852 1408 891 1474 de
918 1407 998 1474 locis
1028 1410 1224 1493 quibusdam
1256 1411 1290 1476 in

120 1550 323 1596 zomenarum
346 1528 508 1593 vicinitate
532 1526 602 1593 sitis
627 1527 760 1610 accepit.
810 1526 1009 1611 Quamquam
1032 1549 1105 1594 eum
1131 1527 1248 1595 vidisse
1273 1529 1320 1595 dir

122 1647 233 1715 coristi
256 1645 473 1730 participium,
497 1642 584 1728 quod
608 1643 642 1708 in
664 1642 692 1708 B
715 1643 836 1728 injuria
859 1644 892 1709 in
916 1644 1127 1723 ἕσβνιλλόμεννι
1153 1645 1252 1714 abiit:
1276 1669 1320 1733 „q‘

121 1788 256 1851 cumque
289 1766 376 1832 circa
409 1764 476 1831 locu
508 1763 705 1829 Clazomenis
737 1761 877 1829 obnoxia
909 1771 1019 1843 erant,
1055 1771 1128 1832 octo
1160 1767 1229 1832 dies
1261 1789 1319 1851 pro

120 1890 345 1971 tempestatem
368 1884 570 1962 immoratae,
594 1903 692 1967 quum
717 1882 834 1967 partim
859 1881 1064 1967 diripuissent
1081 1884 1320 1970 exhausissentq

119 2005 236 2090 partim
261 1999 584 2090 oppugnassent'’.
691 1984 692 1988 ¹

163 2243 268 2328 Caput
291 2240 381 2331 32ss
408 2243 434 2308 l.
470 2240 563 2326 Vulg.
598 2239 674 2313 ὄντος
709 2241 735 2306 δ’
760 2243 850 2307 adrui
885 2243 1010 2309 ἕντιιῦθιι
1044 2244 1182 2321 Λεσβίων
1218 2245 1320 2326 apici

117 2365 352 2444 ἀφικνοῦνται
376 2360 546 2439 βουλόμενοι
571 2361 751 2440 ἀποστῆναι,
776 2361 861 2443 quod
886 2360 1015 2428 aValla
1034 2361 1213 2430 stabilitur:
1237 2363 1320 2446 „lsi

117 2481 162 2547 ibi
193 2481 261 2565 agit
292 2501 312 2546 a
342 2479 455 2564 legatis
485 2478 673 2546 Lesbiorum
703 2479 810 2547 aditus
841 2487 891 2547 est
921 2482 960 2547 de
990 2481 1097 2548 insula
1123 2482 1171 2549 illi
1194 2483 1320 2550 trudoni

117 2598 228 2684 Valla,
253 2599 308 2683 qui
332 2596 409 2663 alibi
432 2595 498 2662 lere
522 2617 647 2682 semper
668 2596 702 2662 in
718 2598 1008 2683 praestantioribus
1024 2599 1216 2667 lectionibus
1232 2601 1320 2668 Vatic

118 2717 272 2796 concinit,
305 2716 357 2780 hic
388 2714 524 2780 dissidet
555 2736 574 2779 a
596 2715 640 2796 B,
670 2715 726 2798 qui
757 2715 844 2781 solus
868 2722 942 2782 ante
965 2717 1128 2790 νξπνστῆνιιι
1152 2719 1268 2787 inserit
1289 2717 1320 2784 ci

118 2834 204 2918 quod
228 2831 376 2916 scriptori
398 2831 461 2916 ipsi
484 2852 549 2896 non
572 2831 721 2898 attribuo.
752 2830 885 2913 ,,ννῦθις”,
912 2834 957 2900 ait
973 2833 1164 2924 Glossema,
1194 2837 1320 2918 „nachc'

117 2958 223 3019 ersten
255 2973 315 3018 ron
347 2949 408 3015 don
439 2950 602 3016 Athonern
626 2971 651 3014 c.
678 2950 737 3027 23,
764 2952 792 3016 6.
818 2953 1069 3018 unterdriiclrten
1100 2953 1272 3020 Versuch'’.
1316 2956 1320 3016 l

116 3072 195 3139 nihil
218 3070 325 3138 Lesbii
347 3071 411 3155 ipsi
434 3069 620 3136 defecerunt
627 3096 636 3148 ;
661 3070 724 3136 imo
744 3070 866 3136 achiis
883 3070 926 3136 ad
943 3069 1150 3138 defectionem
1169 3079 1244 3138 sunt
1260 3094 1320 3139 coar

118 3215 143 3259 c.
175 3194 217 3256 22
248 3190 272 3281 ξ
304 3193 325 3255 2
359 3192 408 3256 aab
442 3191 473 3255 ai
503 3190 557 3267 μὲν
592 3197 654 3263 νῆες
794 3192 957 3268 Μήθυμναν
993 3197 1101 3268 πρῶτον
1135 3194 1312 3275 (ἐφιστᾶσι.

116 3314 164 3378 κυνὶ
197 3310 276 3384 αὖθις
307 3312 338 3374 ai
369 3309 469 3374 λιιπιιὶ
503 3311 671 3385 Μυτιλήνην
703 3310 1149 3391 aorrrarrv.·1nBiuverso
1183 3313 1320 3379 ordinet

114 3434 305 3514 ἀφικνοῦνται
329 3430 476 3509 πρέσβεις.

158 3550 238 3616 Ibid.
262 3549 356 3633 Vulg.
384 3550 597 3630 χειμιινθεισῶυ
624 3553 678 3613 τῶν
701 3554 768 3613 νεῶν
790 3546 905 3628 ὕστερον
927 3551 1117 3630 ἀφικνοῦνται
1141 3547 1236 3616 ἄλλαι
1260 3549 1320 3614 dau

115 3673 143 3743 ἐς
177 3673 228 3744 τὴν
263 3670 337 3734 Χίου.
384 3667 411 3731 Β
446 3672 521 3733 ante
552 3674 606 3733 τῶν
637 3673 702 3732 νεῶν
733 3667 825 3734 addit
856 3672 904 3732 nai
937 3669 1132 3742 πλυννθεισῶν
1163 3669 1205 3734 ab
1237 3666 1320 3736 omnil

113 3790 266 3857 Classcno
298 3793 431 3872 excepto
465 3787 540 3854 viris
572 3789 674 3854 doctis
698 3789 903 3855 damnatum:
936 3787 1150 3874 „glossema'’,
1174 3787 1320 3874 inquitH

113 3908 294 3984 werdenus,
322 3905 385 3987 „ad
408 3907 501 3971 ἄλλαι
525 3904 647 3971 ἄλλοθεν
669 3907 790 3992 recepit
814 3906 1013 3974 Classenus''.
1048 3892 1206 3976 Attendas
1231 3912 1271 3977 ad
1286 3905 1320 3974 scl

112 4027 195 4094 lion:
229 4025 280 4091 acri
303 4029 516 4105 χειμασθεισῶν
539 4032 605 4090 νεῶν
628 4026 716 4102 ἤγουν
737 4026 945 4107 διασπαρεισῶν
969 4027 1023 4090 ὑπὸ
1044 4035 1204 4113 χειμῶνος,
1233 4025 1320 4114 quoi

111 4146 210 4212 ticani
240 4143 448 4211 additamenti
479 4146 569 4210 νιυείιι
599 4144 810 4229 cognoscitur.
856 4144 951 4211 Valla
974 4152 1079 4212 recte:
1104 4147 1162 4212 sed
1186 4149 1320 4232 tempests

111 4265 263 4332 disiectae
292 4282 388 4330 naves
418 4263 530 4331 codem
561 4263 693 4330 tandem
724 4285 833 4330 omnes
865 4264 948 4330 aliae
981 4265 1110 4330 aliunde
1132 4283 1319 4351 pervenerun

111 4385 137 4450 B
162 4404 309 4470 perverse
333 4403 461 4468 quoque
483 4383 580 4450 dara.
