<?xml version="1.0" encoding="UTF-8"?>
<!DOCTYPE html PUBLIC "-//W3C//DTD XHTML 1.0 Transitional//EN"
    "http://www.w3.org/TR/xhtml1/DTD/xhtml1-transitional.dtd">
<html xmlns="http://www.w3.org/1999/xhtml" xml:lang="en" lang="en">
 <head>
  <title>
</title>
<meta http-equiv="Content-Type" content="text/html;charset=utf-8" />
  <meta name='ocr-system' content='tesseract 3.04.00' />
  <meta name='ocr-capabilities' content='ocr_page ocr_carea ocr_par ocr_line ocrx_word'/>
</head>
<body>
  <div class='ocr_page' id='page_1' title='image "./dethucydidisvat01vallgoog_0141.png"; bbox 0 0 3000 4920; ppageno 0'>
   <div class='ocr_carea' id='block_1_1' title="bbox 778 301 842 374">
    <p class='ocr_par' dir='ltr' id='par_1_1' title="bbox 778 301 842 374">
     <span class='ocr_line' id='line_1_1' title="bbox 778 301 842 374; baseline 0 0"><span class='ocrx_word' id='word_1_1' title='bbox 778 301 842 374; x_wconf 83' lang='lat'><strong>118</strong></span> 
     </span>
    </p>
   </div>
   <div class='ocr_carea' id='block_1_2' title="bbox 171 532 1445 1710">
    <p class='ocr_par' dir='ltr' id='par_1_2' title="bbox 174 532 1443 748">
     <span class='ocr_line' id='line_1_2' title="bbox 174 532 1443 639; baseline 0.004 -25"><span class='ocrx_word' id='word_1_2' title='bbox 174 553 224 614; x_wconf 86' lang='lat' dir='ltr'><strong>est</strong></span> <span class='ocrx_word' id='word_1_3' title='bbox 259 548 410 628; x_wconf 73' lang='grc' dir='ltr'><strong><em>περιέστη,</em></strong></span> <span class='ocrx_word' id='word_1_4' title='bbox 445 532 540 613; x_wconf 84' lang='lat' dir='ltr'><strong>lectio</strong></span> <span class='ocrx_word' id='word_1_5' title='bbox 574 546 661 613; x_wconf 88' lang='lat' dir='ltr'><strong>haud</strong></span> <span class='ocrx_word' id='word_1_6' title='bbox 697 547 895 634; x_wconf 85' lang='lat' dir='ltr'><strong>spernenda,</strong></span> <span class='ocrx_word' id='word_1_7' title='bbox 930 569 951 614; x_wconf 88' lang='lat' dir='ltr'><strong>a</strong></span> <span class='ocrx_word' id='word_1_8' title='bbox 984 535 1078 615; x_wconf 88' lang='lat' dir='ltr'><strong>Valla</strong></span> <span class='ocrx_word' id='word_1_9' title='bbox 1111 560 1239 635; x_wconf 86' lang='lat' dir='ltr'><strong>quoque</strong></span> <span class='ocrx_word' id='word_1_10' title='bbox 1269 562 1443 639; x_wconf 74' lang='lat' dir='ltr'><strong>expressat</strong></span> 
     </span>
     <span class='ocr_line' id='line_1_3' title="bbox 179 667 483 748; baseline -0.003 -15"><span class='ocrx_word' id='word_1_11' title='bbox 179 667 483 748; x_wconf 85' lang='lat' dir='ltr'><strong>„circumsteterat”.</strong></span> 
     </span>
    </p>

    <p class='ocr_par' dir='ltr' id='par_1_3' title="bbox 173 785 1445 1113">
     <span class='ocr_line' id='line_1_4' title="bbox 220 785 1444 877; baseline 0.004 -24"><span class='ocrx_word' id='word_1_12' title='bbox 220 786 303 854; x_wconf 88' lang='lat' dir='ltr'><strong>Ibid.</strong></span> <span class='ocrx_word' id='word_1_13' title='bbox 328 788 421 873; x_wconf 85' lang='lat' dir='ltr'><strong>Vulg.</strong></span> <span class='ocrx_word' id='word_1_14' title='bbox 449 788 516 855; x_wconf 77' lang='grc' dir='ltr'><strong>οὔτε</strong></span> <span class='ocrx_word' id='word_1_15' title='bbox 539 788 610 867; x_wconf 71' lang='grc' dir='ltr'><strong>γὰρ</strong></span> <span class='ocrx_word' id='word_1_16' title='bbox 633 788 650 862; x_wconf 75' lang='grc' dir='ltr'><strong><em>ἦ</em></strong></span> <span class='ocrx_word' id='word_1_17' title='bbox 673 787 708 851; x_wconf 87' lang='grc' dir='ltr'><strong>ἕν</strong></span> <span class='ocrx_word' id='word_1_18' title='bbox 731 795 773 868; x_wconf 70' lang='grc' dir='ltr'><strong>τῇ</strong></span> <span class='ocrx_word' id='word_1_19' title='bbox 797 785 951 868; x_wconf 69' lang='grc' dir='ltr'><strong><em>Σικελία</em></strong></span> <span class='ocrx_word' id='word_1_20' title='bbox 973 786 1236 869; x_wconf 74' lang='grc' dir='ltr'><strong><em>ξυραφοριί....</em></strong></span> <span class='ocrx_word' id='word_1_21' title='bbox 1258 789 1349 866; x_wconf 78' lang='grc' dir='ltr'><em>οὕτως</em></span> <span class='ocrx_word' id='word_1_22' title='bbox 1373 794 1444 877; x_wconf 70' lang='grc' dir='ltr'>ἐφό-</span> 
     </span>
     <span class='ocr_line' id='line_1_5' title="bbox 173 906 1445 997; baseline 0.006 -24"><span class='ocrx_word' id='word_1_23' title='bbox 173 910 281 988; x_wconf 77' lang='grc' dir='ltr'><strong><em>βησεν;</em></strong></span> <span class='ocrx_word' id='word_1_24' title='bbox 314 908 342 973; x_wconf 93' lang='grc' dir='ltr'><strong>Β</strong></span> <span class='ocrx_word' id='word_1_25' title='bbox 367 929 464 974; x_wconf 91' lang='lat' dir='ltr'><strong>sensu</strong></span> <span class='ocrx_word' id='word_1_26' title='bbox 487 928 622 974; x_wconf 86' lang='lat' dir='ltr'><strong>vacuum</strong></span> <span class='ocrx_word' id='word_1_27' title='bbox 646 908 706 987; x_wconf 71' lang='grc' dir='ltr'><strong>γὰρ</strong></span> <span class='ocrx_word' id='word_1_28' title='bbox 728 916 765 989; x_wconf 69' lang='grc' dir='ltr'><strong>τῇ</strong></span> <span class='ocrx_word' id='word_1_29' title='bbox 788 907 816 971; x_wconf 85' lang='grc' dir='ltr'><strong>ἐν</strong></span> <span class='ocrx_word' id='word_1_30' title='bbox 840 908 962 990; x_wconf 75' lang='grc' dir='ltr'><strong><em>Σικελίρ</em></strong></span> <span class='ocrx_word' id='word_1_31' title='bbox 985 906 1134 994; x_wconf 75' lang='grc' dir='ltr'><strong>ξυμφορᾷ.</strong></span> <span class='ocrx_word' id='word_1_32' title='bbox 1173 909 1285 979; x_wconf 84' lang='lat' dir='ltr'><strong>Valla:</strong></span> <span class='ocrx_word' id='word_1_33' title='bbox 1318 933 1445 997; x_wconf 88' lang='lat' dir='ltr'><strong>„neque</strong></span> 
     </span>
     <span class='ocr_line' id='line_1_6' title="bbox 173 1026 1263 1113; baseline 0.002 -18"><span class='ocrx_word' id='word_1_34' title='bbox 173 1029 257 1095; x_wconf 86' lang='lat' dir='ltr'><strong>enim</strong></span> <span class='ocrx_word' id='word_1_35' title='bbox 281 1032 416 1113; x_wconf 87' lang='lat' dir='ltr'><strong>accepta</strong></span> <span class='ocrx_word' id='word_1_36' title='bbox 439 1027 474 1092; x_wconf 93' lang='lat' dir='ltr'><strong>in</strong></span> <span class='ocrx_word' id='word_1_37' title='bbox 496 1026 605 1094; x_wconf 80' lang='lat' dir='ltr'><strong>Sicilia</strong></span> <span class='ocrx_word' id='word_1_38' title='bbox 628 1026 797 1093; x_wconf 90' lang='lat' dir='ltr'><strong>calamitas</strong></span> <span class='ocrx_word' id='word_1_39' title='bbox 921 1033 1013 1095; x_wconf 89' lang='lat' dir='ltr'><strong>tanto</strong></span> <span class='ocrx_word' id='word_1_40' title='bbox 1036 1028 1152 1095; x_wconf 88' lang='lat' dir='ltr'><strong>terrori</strong></span> <span class='ocrx_word' id='word_1_41' title='bbox 1174 1027 1263 1097; x_wconf 77' lang='lat' dir='ltr'><strong>fuit’.</strong></span> 
     </span>
    </p>

    <p class='ocr_par' dir='ltr' id='par_1_4' title="bbox 171 1145 1444 1470">
     <span class='ocr_line' id='line_1_7' title="bbox 220 1145 1443 1236; baseline 0.005 -24"><span class='ocrx_word' id='word_1_42' title='bbox 220 1148 296 1229; x_wconf 64' lang='lat'><strong>§4</strong></span> <span class='ocrx_word' id='word_1_43' title='bbox 320 1146 414 1231; x_wconf 84' lang='lat' dir='ltr'><strong>Vulg.</strong></span> <span class='ocrx_word' id='word_1_44' title='bbox 437 1145 621 1231; x_wconf 77' lang='grc' dir='ltr'><strong><em>Εὐβοίας,</em></strong></span> <span class='ocrx_word' id='word_1_45' title='bbox 653 1145 884 1221; x_wconf 71' lang='grc' dir='ltr'><strong><em>ΒΒοιιιτίας.</em></strong></span> <span class='ocrx_word' id='word_1_46' title='bbox 932 1145 1013 1223; x_wconf 82' lang='lat' dir='ltr'><strong>Quid</strong></span> <span class='ocrx_word' id='word_1_47' title='bbox 1036 1149 1239 1216; x_wconf 83' lang='lat' dir='ltr'><strong>statuendum</strong></span> <span class='ocrx_word' id='word_1_48' title='bbox 1263 1151 1324 1236; x_wconf 81' lang='lat' dir='ltr'><strong>sit,</strong></span> <span class='ocrx_word' id='word_1_49' title='bbox 1348 1171 1443 1218; x_wconf 88' lang='lat' dir='ltr'><strong>nemo</strong></span> 
     </span>
     <span class='ocr_line' id='line_1_8' title="bbox 172 1262 1444 1354; baseline 0.006 -24"><span class='ocrx_word' id='word_1_50' title='bbox 172 1265 339 1350; x_wconf 89' lang='lat' dir='ltr'><strong>hucusque</strong></span> <span class='ocrx_word' id='word_1_51' title='bbox 362 1285 421 1349; x_wconf 89' lang='lat' dir='ltr'><strong>pro</strong></span> <span class='ocrx_word' id='word_1_52' title='bbox 446 1269 533 1330; x_wconf 88' lang='lat' dir='ltr'><strong>certo</strong></span> <span class='ocrx_word' id='word_1_53' title='bbox 557 1262 738 1332; x_wconf 86' lang='lat' dir='ltr'><strong>affirmavit.</strong></span> <span class='ocrx_word' id='word_1_54' title='bbox 784 1264 879 1331; x_wconf 88' lang='lat' dir='ltr'><strong>Valla</strong></span> <span class='ocrx_word' id='word_1_55' title='bbox 900 1265 1063 1352; x_wconf 77' lang='lat' dir='ltr'>vulgatam</span> <span class='ocrx_word' id='word_1_56' title='bbox 1087 1268 1232 1354; x_wconf 85' lang='lat' dir='ltr'><strong>sequitur</strong></span> <span class='ocrx_word' id='word_1_57' title='bbox 1257 1274 1311 1351; x_wconf 86' lang='lat' dir='ltr'><strong>„et</strong></span> <span class='ocrx_word' id='word_1_58' title='bbox 1333 1270 1444 1337; x_wconf 91' lang='lat' dir='ltr'><strong>omnia</strong></span> 
     </span>
     <span class='ocr_line' id='line_1_9' title="bbox 171 1381 979 1470; baseline 0.002 -21"><span class='ocrx_word' id='word_1_59' title='bbox 171 1383 304 1450; x_wconf 85' lang='lat' dir='ltr'>Euboea</span> <span class='ocrx_word' id='word_1_60' title='bbox 326 1381 448 1450; x_wconf 85' lang='lat' dir='ltr'><strong>tenus&#39;&#39;.</strong></span> <span class='ocrx_word' id='word_1_61' title='bbox 495 1381 637 1450; x_wconf 87' lang='lat' dir='ltr'><strong>Stahlius</strong></span> <span class='ocrx_word' id='word_1_62' title='bbox 661 1382 758 1449; x_wconf 85' lang='lat' dir='ltr'><strong>verba</strong></span> <span class='ocrx_word' id='word_1_63' title='bbox 780 1385 979 1470; x_wconf 89' lang='lat' dir='ltr'><strong>proscripsit</strong></span> 
     </span>
    </p>

    <p class='ocr_par' dir='ltr' id='par_1_5' title="bbox 171 1500 1443 1710">
     <span class='ocr_line' id='line_1_10' title="bbox 217 1500 1443 1592; baseline 0.007 -26"><span class='ocrx_word' id='word_1_64' title='bbox 217 1501 291 1584; x_wconf 62' lang='lat' dir='ltr'><strong>§b</strong></span> <span class='ocrx_word' id='word_1_65' title='bbox 323 1500 415 1587; x_wconf 86' lang='lat' dir='ltr'><strong>Vulg.</strong></span> <span class='ocrx_word' id='word_1_66' title='bbox 448 1511 600 1583; x_wconf 66' lang='grc' dir='ltr'><strong><em>ναυτικῇ</em></strong></span> <span class='ocrx_word' id='word_1_67' title='bbox 627 1503 725 1584; x_wconf 66' lang='grc' dir='ltr'><strong>ἀρχῇ</strong></span> <span class='ocrx_word' id='word_1_68' title='bbox 749 1509 880 1567; x_wconf 78' lang='grc' dir='ltr'><strong><em>πλεῖστα</em></strong></span> <span class='ocrx_word' id='word_1_69' title='bbox 904 1503 1042 1585; x_wconf 76' lang='grc' dir='ltr'><strong>ὠφέλουν,</strong></span> <span class='ocrx_word' id='word_1_70' title='bbox 1067 1504 1095 1569; x_wconf 94' lang='grc' dir='ltr'>Β</span> <span class='ocrx_word' id='word_1_71' title='bbox 1117 1506 1237 1574; x_wconf 83' lang='lat' dir='ltr'><strong>rectius</strong></span> <span class='ocrx_word' id='word_1_72' title='bbox 1260 1510 1275 1572; x_wconf 83' lang='grc' dir='ltr'><strong>ε’</strong></span> <span class='ocrx_word' id='word_1_73' title='bbox 1283 1532 1298 1571; x_wconf 89' lang='grc' dir='ltr'><strong>ιι</strong></span> <span class='ocrx_word' id='word_1_74' title='bbox 1319 1519 1443 1592; x_wconf 81' lang='grc' dir='ltr'><strong><em>ναυτικῇ</em></strong></span> 
     </span>
     <span class='ocr_line' id='line_1_11' title="bbox 171 1619 1443 1710; baseline 0.006 -23"><span class='ocrx_word' id='word_1_75' title='bbox 171 1624 270 1708; x_wconf 71' lang='grc' dir='ltr'><strong><em>ἀρχῇ,</em></strong></span> <span class='ocrx_word' id='word_1_76' title='bbox 295 1620 382 1706; x_wconf 91' lang='lat' dir='ltr'><strong>quod</strong></span> <span class='ocrx_word' id='word_1_77' title='bbox 406 1627 439 1687; x_wconf 88' lang='lat' dir='ltr'><strong>et</strong></span> <span class='ocrx_word' id='word_1_78' title='bbox 463 1619 560 1688; x_wconf 85' lang='lat' dir='ltr'><strong>Valla</strong></span> <span class='ocrx_word' id='word_1_79' title='bbox 582 1621 678 1688; x_wconf 88' lang='lat' dir='ltr'><strong>vidit:</strong></span> <span class='ocrx_word' id='word_1_80' title='bbox 710 1621 763 1702; x_wconf 88' lang='lat' dir='ltr'><strong>„in</strong></span> <span class='ocrx_word' id='word_1_81' title='bbox 786 1620 999 1707; x_wconf 84' lang='lat' dir='ltr'><strong>gubernanda</strong></span> <span class='ocrx_word' id='word_1_82' title='bbox 1021 1623 1124 1692; x_wconf 88' lang='lat' dir='ltr'><strong>classe</strong></span> <span class='ocrx_word' id='word_1_83' title='bbox 1145 1624 1318 1710; x_wconf 91' lang='lat' dir='ltr'><strong>plurimum</strong></span> <span class='ocrx_word' id='word_1_84' title='bbox 1342 1627 1443 1696; x_wconf 87' lang='lat' dir='ltr'><strong>Athe-</strong></span> 
     </span>
    </p>
   </div>
   <div class='ocr_carea' id='block_1_3' title="bbox 37 1733 1443 1831">
    <p class='ocr_par' dir='ltr' id='par_1_6' title="bbox 37 1733 1443 1831">
     <span class='ocr_line' id='line_1_12' title="bbox 37 1733 1443 1831; baseline 0.004 -26"><span class='ocrx_word' id='word_1_85' title='bbox 37 1733 41 1741; x_wconf 80' lang='lat'>&#39;</span> <span class='ocrx_word' id='word_1_86' title='bbox 172 1741 336 1808; x_wconf 74' lang='lat' dir='ltr'><strong>aiensibus</strong></span> <span class='ocrx_word' id='word_1_87' title='bbox 364 1738 583 1825; x_wconf 87' lang='lat' dir='ltr'><strong>profuerunt&#39;’.</strong></span> <span class='ocrx_word' id='word_1_88' title='bbox 630 1739 764 1807; x_wconf 85' lang='lat' dir='ltr'><strong>Dativus</strong></span> <span class='ocrx_word' id='word_1_89' title='bbox 788 1741 875 1807; x_wconf 89' lang='lat' dir='ltr'><strong>solus</strong></span> <span class='ocrx_word' id='word_1_90' title='bbox 899 1741 983 1809; x_wconf 90' lang='lat' dir='ltr'><strong>enim</strong></span> <span class='ocrx_word' id='word_1_91' title='bbox 1006 1763 1070 1827; x_wconf 92' lang='lat' dir='ltr'><strong>quo</strong></span> <span class='ocrx_word' id='word_1_92' title='bbox 1093 1744 1187 1811; x_wconf 92' lang='lat' dir='ltr'><strong>modo</strong></span> <span class='ocrx_word' id='word_1_93' title='bbox 1211 1744 1254 1812; x_wconf 86' lang='lat' dir='ltr'><strong>eit</strong></span> <span class='ocrx_word' id='word_1_94' title='bbox 1276 1745 1443 1831; x_wconf 86' lang='lat' dir='ltr'><strong>explican-</strong></span> 
     </span>
    </p>
   </div>
   <div class='ocr_carea' id='block_1_4' title="bbox 171 1858 632 1927">
    <p class='ocr_par' dir='ltr' id='par_1_7' title="bbox 171 1858 632 1927">
     <span class='ocr_line' id='line_1_13' title="bbox 171 1858 632 1927; baseline -0.007 0"><span class='ocrx_word' id='word_1_95' title='bbox 171 1860 232 1927; x_wconf 90' lang='lat' dir='ltr'><strong>dus</strong></span> <span class='ocrx_word' id='word_1_96' title='bbox 256 1880 349 1926; x_wconf 88' lang='lat' dir='ltr'><strong>nemo</strong></span> <span class='ocrx_word' id='word_1_97' title='bbox 373 1858 498 1926; x_wconf 80' lang='lat' dir='ltr'><strong>dixerit.</strong></span> <span class='ocrx_word' id='word_1_98' title='bbox 627 1908 632 1914; x_wconf 81' lang='grc'><em>.</em></span> 
     </span>
    </p>
   </div>
   <div class='ocr_carea' id='block_1_5' title="bbox 169 2093 1445 2424">
    <p class='ocr_par' dir='ltr' id='par_1_8' title="bbox 169 2093 1445 2424">
     <span class='ocr_line' id='line_1_14' title="bbox 217 2093 1349 2183; baseline 0.002 -18"><span class='ocrx_word' id='word_1_99' title='bbox 217 2098 325 2183; x_wconf 84' lang='lat' dir='ltr'><strong>Caput</strong></span> <span class='ocrx_word' id='word_1_100' title='bbox 348 2098 389 2163; x_wconf 76' lang='lat'><strong>97</strong></span> <span class='ocrx_word' id='word_1_101' title='bbox 415 2101 435 2181; x_wconf 65' lang='grc' dir='ltr'><strong>ἕ</strong></span> <span class='ocrx_word' id='word_1_102' title='bbox 461 2098 488 2162; x_wconf 95' lang='grc'><strong>1.</strong></span> <span class='ocrx_word' id='word_1_103' title='bbox 519 2095 610 2182; x_wconf 88' lang='lat' dir='ltr'><strong>Vulg.</strong></span> <span class='ocrx_word' id='word_1_104' title='bbox 634 2096 717 2162; x_wconf 77' lang='grc' dir='ltr'><strong>Ἐπὶ</strong></span> <span class='ocrx_word' id='word_1_105' title='bbox 741 2095 766 2160; x_wconf 78' lang='grc' dir='ltr'><strong>δ’</strong></span> <span class='ocrx_word' id='word_1_106' title='bbox 791 2093 919 2169; x_wconf 73' lang='grc' dir='ltr'><em>οὖντοῖς</em></span> <span class='ocrx_word' id='word_1_107' title='bbox 942 2097 1135 2176; x_wconf 71' lang='grc' dir='ltr'><strong>ἠγγελμένοις</strong></span> <span class='ocrx_word' id='word_1_108' title='bbox 1158 2099 1182 2164; x_wconf 87' lang='lat' dir='ltr'><strong>oi</strong></span> <span class='ocrx_word' id='word_1_109' title='bbox 1205 2100 1349 2176; x_wconf 73' lang='grc' dir='ltr'><strong>Ἀθηναῖοι</strong></span> 
     </span>
     <span class='ocr_line' id='line_1_15' title="bbox 171 2215 1444 2295; baseline 0.002 -12"><span class='ocrx_word' id='word_1_110' title='bbox 171 2217 328 2294; x_wconf 75' lang='grc' dir='ltr'><strong><em>ἐκκλησίαν</em></strong></span> <span class='ocrx_word' id='word_1_111' title='bbox 350 2215 503 2294; x_wconf 75' lang='grc' dir='ltr'><strong><em>ξυνέλεγιι</em></strong></span> <span class='ocrx_word' id='word_1_112' title='bbox 521 2267 527 2281; x_wconf 94' lang='grc'><strong>.</strong></span> <span class='ocrx_word' id='word_1_113' title='bbox 544 2265 551 2281; x_wconf 93' lang='grc'><strong>.</strong></span> <span class='ocrx_word' id='word_1_114' title='bbox 567 2263 596 2280; x_wconf 92' lang='grc'><strong>..</strong></span> <span class='ocrx_word' id='word_1_115' title='bbox 615 2217 644 2289; x_wconf 80' lang='grc' dir='ltr'><strong>ἐς</strong></span> <span class='ocrx_word' id='word_1_116' title='bbox 667 2218 720 2290; x_wconf 65' lang='grc' dir='ltr'><strong>τὴν</strong></span> <span class='ocrx_word' id='word_1_117' title='bbox 742 2216 864 2281; x_wconf 82' lang='grc' dir='ltr'><strong><em>Πύκνα</em></strong></span> <span class='ocrx_word' id='word_1_118' title='bbox 886 2217 1080 2295; x_wconf 70' lang='grc' dir='ltr'><strong><em>καλουμέικκς</em></strong></span> <span class='ocrx_word' id='word_1_119' title='bbox 1105 2217 1131 2282; x_wconf 90' lang='grc' dir='ltr'>Β</span> <span class='ocrx_word' id='word_1_120' title='bbox 1146 2215 1322 2286; x_wconf 85' lang='lat' dir='ltr'><strong>barbarum</strong></span> <span class='ocrx_word' id='word_1_121' title='bbox 1338 2221 1444 2287; x_wconf 81' lang='grc' dir='ltr'><strong><em>Πνύκα</em></strong></span> 
     </span>
     <span class='ocr_line' id='line_1_16' title="bbox 169 2335 1445 2424; baseline 0.005 -22"><span class='ocrx_word' id='word_1_122' title='bbox 169 2337 288 2416; x_wconf 80' lang='lat' dir='ltr'><strong>tradit,</strong></span> <span class='ocrx_word' id='word_1_123' title='bbox 323 2341 357 2401; x_wconf 88' lang='lat' dir='ltr'><strong>et</strong></span> <span class='ocrx_word' id='word_1_124' title='bbox 385 2357 444 2421; x_wconf 94' lang='lat' dir='ltr'><strong>pro</strong></span> <span class='ocrx_word' id='word_1_125' title='bbox 477 2335 534 2400; x_wconf 75' lang='grc' dir='ltr'><strong>ἐπὶ</strong></span> <span class='ocrx_word' id='word_1_126' title='bbox 558 2335 582 2400; x_wconf 80' lang='grc' dir='ltr'><strong>δ’</strong></span> <span class='ocrx_word' id='word_1_127' title='bbox 613 2335 691 2420; x_wconf 86' lang='lat' dir='ltr'><strong>legit</strong></span> <span class='ocrx_word' id='word_1_128' title='bbox 720 2335 834 2412; x_wconf 72' lang='grc' dir='ltr'><strong><em>ἐπειδή,</em></strong></span> <span class='ocrx_word' id='word_1_129' title='bbox 867 2335 953 2419; x_wconf 90' lang='lat' dir='ltr'><strong>quod</strong></span> <span class='ocrx_word' id='word_1_130' title='bbox 984 2337 1012 2402; x_wconf 88' lang='lat' dir='ltr'><strong>si</strong></span> <span class='ocrx_word' id='word_1_131' title='bbox 1042 2337 1249 2424; x_wconf 87' lang='lat' dir='ltr'><strong>reciperetur,</strong></span> <span class='ocrx_word' id='word_1_132' title='bbox 1281 2340 1445 2408; x_wconf 87' lang='lat' dir='ltr'><strong>sententia</strong></span> 
     </span>
    </p>
   </div>
   <div class='ocr_carea' id='block_1_6' title="bbox 170 2454 1445 2903">
    <p class='ocr_par' dir='ltr' id='par_1_9' title="bbox 170 2454 1445 2903">
     <span class='ocr_line' id='line_1_17' title="bbox 172 2454 1441 2550; baseline 0.006 -28"><span class='ocrx_word' id='word_1_133' title='bbox 172 2456 327 2543; x_wconf 88' lang='lat' dir='ltr'><strong>primaria</strong></span> <span class='ocrx_word' id='word_1_134' title='bbox 358 2455 494 2523; x_wconf 90' lang='lat' dir='ltr'><strong>abesset.</strong></span> <span class='ocrx_word' id='word_1_135' title='bbox 541 2454 633 2522; x_wconf 89' lang='lat' dir='ltr'><strong>Licet</strong></span> <span class='ocrx_word' id='word_1_136' title='bbox 662 2455 829 2540; x_wconf 84' lang='lat' dir='ltr'><strong>pueriliter</strong></span> <span class='ocrx_word' id='word_1_137' title='bbox 856 2477 973 2542; x_wconf 87' lang='lat' dir='ltr'><strong>graeca</strong></span> <span class='ocrx_word' id='word_1_138' title='bbox 1004 2457 1047 2524; x_wconf 92' lang='lat' dir='ltr'><strong>sit</strong></span> <span class='ocrx_word' id='word_1_139' title='bbox 1068 2458 1300 2544; x_wconf 87' lang='lat' dir='ltr'><strong>interpretatus</strong></span> <span class='ocrx_word' id='word_1_140' title='bbox 1324 2460 1441 2550; x_wconf 87' lang='lat' dir='ltr'><strong>Valla,</strong></span> 
     </span>
     <span class='ocr_line' id='line_1_18' title="bbox 170 2575 1443 2664; baseline 0.005 -22"><span class='ocrx_word' id='word_1_141' title='bbox 170 2583 296 2663; x_wconf 89' lang='lat' dir='ltr'><strong>tamen,</strong></span> <span class='ocrx_word' id='word_1_142' title='bbox 329 2578 405 2661; x_wconf 91' lang='lat' dir='ltr'><strong>quin</strong></span> <span class='ocrx_word' id='word_1_143' title='bbox 437 2596 546 2642; x_wconf 85' lang='lat' dir='ltr'><strong>veram</strong></span> <span class='ocrx_word' id='word_1_144' title='bbox 577 2575 691 2642; x_wconf 85' lang='lat' dir='ltr'><strong>viderit</strong></span> <span class='ocrx_word' id='word_1_145' title='bbox 721 2576 930 2662; x_wconf 83' lang='lat' dir='ltr'><strong>scripturam,</strong></span> <span class='ocrx_word' id='word_1_146' title='bbox 963 2575 1096 2643; x_wconf 92' lang='lat' dir='ltr'><strong>dubium</strong></span> <span class='ocrx_word' id='word_1_147' title='bbox 1118 2583 1167 2646; x_wconf 89' lang='lat' dir='ltr'><strong>est</strong></span> <span class='ocrx_word' id='word_1_148' title='bbox 1189 2579 1329 2648; x_wconf 89' lang='lat' dir='ltr'><strong>nullum:</strong></span> <span class='ocrx_word' id='word_1_149' title='bbox 1371 2581 1443 2664; x_wconf 81' lang='lat' dir='ltr'><strong>„Ad</strong></span> 
     </span>
     <span class='ocr_line' id='line_1_19' title="bbox 170 2695 1445 2786; baseline 0.005 -24"><span class='ocrx_word' id='word_1_150' title='bbox 170 2697 255 2764; x_wconf 89' lang='lat' dir='ltr'><strong>hunc</strong></span> <span class='ocrx_word' id='word_1_151' title='bbox 279 2697 426 2762; x_wconf 90' lang='lat' dir='ltr'><strong>nuntium</strong></span> <span class='ocrx_word' id='word_1_152' title='bbox 448 2695 659 2762; x_wconf 84' lang='lat' dir='ltr'><strong>Athenienses</strong></span> <span class='ocrx_word' id='word_1_153' title='bbox 785 2696 1060 2783; x_wconf 90' lang='lat' dir='ltr'><strong>concionem(que)</strong></span> <span class='ocrx_word' id='word_1_154' title='bbox 1084 2718 1233 2784; x_wconf 83' lang='lat' dir='ltr'><strong>coegere,</strong></span> <span class='ocrx_word' id='word_1_155' title='bbox 1257 2720 1356 2769; x_wconf 91' lang='lat' dir='ltr'><strong>unam</strong></span> <span class='ocrx_word' id='word_1_156' title='bbox 1373 2701 1445 2786; x_wconf 91' lang='lat' dir='ltr'><strong>qui·</strong></span> 
     </span>
     <span class='ocr_line' id='line_1_20' title="bbox 171 2814 1231 2903; baseline 0.004 -23"><span class='ocrx_word' id='word_1_157' title='bbox 171 2815 243 2881; x_wconf 93' lang='lat' dir='ltr'><strong>dem</strong></span> <span class='ocrx_word' id='word_1_158' title='bbox 267 2815 376 2882; x_wconf 88' lang='lat' dir='ltr'><strong>statim</strong></span> <span class='ocrx_word' id='word_1_159' title='bbox 399 2819 466 2880; x_wconf 91' lang='lat' dir='ltr'><strong>tum</strong></span> <span class='ocrx_word' id='word_1_160' title='bbox 489 2814 627 2900; x_wconf 92' lang='lat' dir='ltr'><strong>primum</strong></span> <span class='ocrx_word' id='word_1_161' title='bbox 649 2815 683 2880; x_wconf 92' lang='lat' dir='ltr'><strong>in</strong></span> <span class='ocrx_word' id='word_1_162' title='bbox 705 2815 811 2882; x_wconf 91' lang='lat' dir='ltr'><strong>locum</strong></span> <span class='ocrx_word' id='word_1_163' title='bbox 834 2836 929 2900; x_wconf 88' lang='lat' dir='ltr'><strong>quem</strong></span> <span class='ocrx_word' id='word_1_164' title='bbox 953 2822 1068 2883; x_wconf 85' lang='lat' dir='ltr'><strong>vocant</strong></span> <span class='ocrx_word' id='word_1_165' title='bbox 1090 2817 1231 2903; x_wconf 83' lang='lat' dir='ltr'><strong>Pycna&#39;’.</strong></span> 
     </span>
    </p>
   </div>
   <div class='ocr_carea' id='block_1_7' title="bbox 166 2930 1444 4460">
    <p class='ocr_par' dir='ltr' id='par_1_10' title="bbox 169 2930 1444 3602">
     <span class='ocr_line' id='line_1_21' title="bbox 215 2930 1442 3020; baseline 0.005 -19"><span class='ocrx_word' id='word_1_166' title='bbox 215 2935 298 3003; x_wconf 88' lang='lat' dir='ltr'><strong>Ibid.</strong></span> <span class='ocrx_word' id='word_1_167' title='bbox 323 2934 415 3020; x_wconf 89' lang='lat' dir='ltr'><strong>Vulg.</strong></span> <span class='ocrx_word' id='word_1_168' title='bbox 447 2930 517 3000; x_wconf 81' lang='grc' dir='ltr'><strong><em>εἶναι</em></strong></span> <span class='ocrx_word' id='word_1_169' title='bbox 548 2934 574 3000; x_wconf 74' lang='grc' dir='ltr'><strong>δ’</strong></span> <span class='ocrx_word' id='word_1_170' title='bbox 605 2937 700 3000; x_wconf 77' lang='grc' dir='ltr'><strong><em>αὐτῶν</em></strong></span> <span class='ocrx_word' id='word_1_171' title='bbox 731 2935 854 3002; x_wconf 78' lang='grc' dir='ltr'><strong><em>ὁπόσοι</em></strong></span> <span class='ocrx_word' id='word_1_172' title='bbox 886 2934 937 3001; x_wconf 77' lang='grc' dir='ltr'><strong>καὶ</strong></span> <span class='ocrx_word' id='word_1_173' title='bbox 964 2933 1045 3001; x_wconf 74' lang='grc' dir='ltr'><strong><em>ὅπλα</em></strong></span> <span class='ocrx_word' id='word_1_174' title='bbox 1067 2937 1249 3018; x_wconf 79' lang='grc' dir='ltr'><strong><em>παρέχονται</em></strong></span> <span class='ocrx_word' id='word_1_175' title='bbox 1271 2943 1377 3006; x_wconf 80' lang='lat' dir='ltr'><strong>recte:</strong></span> <span class='ocrx_word' id='word_1_176' title='bbox 1400 2960 1442 3007; x_wconf 82' lang='lat' dir='ltr'><strong>ex</strong></span> 
     </span>
     <span class='ocr_line' id='line_1_22' title="bbox 171 3055 1444 3140; baseline 0.004 -17"><span class='ocrx_word' id='word_1_177' title='bbox 171 3077 209 3123; x_wconf 92' lang='lat' dir='ltr'><strong>eo</strong></span> <span class='ocrx_word' id='word_1_178' title='bbox 245 3075 377 3121; x_wconf 88' lang='lat' dir='ltr'><strong>numero</strong></span> <span class='ocrx_word' id='word_1_179' title='bbox 412 3060 496 3121; x_wconf 87' lang='lat' dir='ltr'><strong>esset</strong></span> <span class='ocrx_word' id='word_1_180' title='bbox 531 3060 689 3139; x_wconf 90' lang='lat' dir='ltr'><strong>quotquot</strong></span> <span class='ocrx_word' id='word_1_181' title='bbox 723 3076 782 3122; x_wconf 89' lang='lat' dir='ltr'><strong>sua</strong></span> <span class='ocrx_word' id='word_1_182' title='bbox 812 3055 875 3140; x_wconf 94' lang='lat' dir='ltr'><strong>ipsi</strong></span> <span class='ocrx_word' id='word_1_183' title='bbox 905 3076 996 3122; x_wconf 88' lang='lat' dir='ltr'><strong>arma</strong></span> <span class='ocrx_word' id='word_1_184' title='bbox 1026 3056 1225 3125; x_wconf 85' lang='lat' dir='ltr'><strong>exhiberent.</strong></span> <span class='ocrx_word' id='word_1_185' title='bbox 1271 3057 1314 3126; x_wconf 80' lang='lat' dir='ltr'><strong>ltt</strong></span> <span class='ocrx_word' id='word_1_186' title='bbox 1344 3058 1444 3129; x_wconf 88' lang='lat' dir='ltr'><strong>Valla</strong></span> 
     </span>
     <span class='ocr_line' id='line_1_23' title="bbox 169 3174 1442 3265; baseline 0.005 -24"><span class='ocrx_word' id='word_1_187' title='bbox 169 3175 269 3241; x_wconf 89' lang='lat' dir='ltr'><strong>habet</strong></span> <span class='ocrx_word' id='word_1_188' title='bbox 303 3174 550 3242; x_wconf 84' lang='lat' dir='ltr'><strong>nominativum:</strong></span> <span class='ocrx_word' id='word_1_189' title='bbox 589 3195 648 3256; x_wconf 82' lang='lat' dir='ltr'><strong>„ex</strong></span> <span class='ocrx_word' id='word_1_190' title='bbox 671 3196 709 3241; x_wconf 90' lang='lat' dir='ltr'><strong>eo</strong></span> <span class='ocrx_word' id='word_1_191' title='bbox 733 3195 865 3242; x_wconf 92' lang='lat' dir='ltr'><strong>numero</strong></span> <span class='ocrx_word' id='word_1_192' title='bbox 890 3195 959 3242; x_wconf 87' lang='lat' dir='ltr'><strong>esse</strong></span> <span class='ocrx_word' id='word_1_193' title='bbox 984 3176 1200 3261; x_wconf 88' lang='lat' dir='ltr'><strong>quicunque</strong></span> <span class='ocrx_word' id='word_1_194' title='bbox 1223 3199 1314 3244; x_wconf 88' lang='lat' dir='ltr'><strong>arma</strong></span> <span class='ocrx_word' id='word_1_195' title='bbox 1335 3184 1442 3265; x_wconf 80' lang='lat' dir='ltr'><strong>gesta·</strong></span> 
     </span>
     <span class='ocr_line' id='line_1_24' title="bbox 169 3293 1442 3382; baseline 0.001 -20"><span class='ocrx_word' id='word_1_196' title='bbox 169 3303 241 3363; x_wconf 89' lang='lat' dir='ltr'><strong>rent</strong></span> <span class='ocrx_word' id='word_1_197' title='bbox 259 3294 326 3382; x_wconf 74' lang='lat' dir='ltr'><strong>l?)’&#39;.</strong></span> <span class='ocrx_word' id='word_1_198' title='bbox 363 3295 401 3360; x_wconf 90' lang='lat' dir='ltr'><strong>In</strong></span> <span class='ocrx_word' id='word_1_199' title='bbox 432 3295 458 3360; x_wconf 93' lang='lat' dir='ltr'><strong>B</strong></span> <span class='ocrx_word' id='word_1_200' title='bbox 491 3294 619 3375; x_wconf 72' lang='grc' dir='ltr'><strong>ὁπόσοις,</strong></span> <span class='ocrx_word' id='word_1_201' title='bbox 650 3293 736 3377; x_wconf 90' lang='lat' dir='ltr'><strong>quod</strong></span> <span class='ocrx_word' id='word_1_202' title='bbox 766 3293 872 3361; x_wconf 89' lang='lat' dir='ltr'><strong>tribuo</strong></span> <span class='ocrx_word' id='word_1_203' title='bbox 904 3295 1093 3381; x_wconf 90' lang='lat' dir='ltr'><strong>correctori,</strong></span> <span class='ocrx_word' id='word_1_204' title='bbox 1117 3295 1173 3379; x_wconf 84' lang='lat' dir='ltr'><strong>qui</strong></span> <span class='ocrx_word' id='word_1_205' title='bbox 1196 3294 1326 3363; x_wconf 85' lang='lat' dir='ltr'><strong>verbum</strong></span> <span class='ocrx_word' id='word_1_206' title='bbox 1351 3299 1442 3380; x_wconf 81' lang='grc' dir='ltr'><strong><em>παρέ·</em></strong></span> 
     </span>
     <span class='ocr_line' id='line_1_25' title="bbox 169 3411 1443 3499; baseline 0.005 -19"><span class='ocrx_word' id='word_1_207' title='bbox 169 3440 274 3497; x_wconf 77' lang='grc' dir='ltr'><strong><em>χριται</em></strong></span> <span class='ocrx_word' id='word_1_208' title='bbox 297 3414 380 3482; x_wconf 86' lang='lat' dir='ltr'><strong>falso</strong></span> <span class='ocrx_word' id='word_1_209' title='bbox 403 3414 533 3499; x_wconf 85' lang='lat' dir='ltr'><strong>passiva</strong></span> <span class='ocrx_word' id='word_1_210' title='bbox 556 3435 629 3481; x_wconf 91' lang='lat' dir='ltr'><strong>cum</strong></span> <span class='ocrx_word' id='word_1_211' title='bbox 652 3411 883 3499; x_wconf 89' lang='lat' dir='ltr'><strong>significatione</strong></span> <span class='ocrx_word' id='word_1_212' title='bbox 906 3419 1096 3499; x_wconf 91' lang='lat' dir='ltr'><strong>usurpatum</strong></span> <span class='ocrx_word' id='word_1_213' title='bbox 1120 3415 1333 3483; x_wconf 82' lang='lat' dir='ltr'><strong>existimabat.</strong></span> <span class='ocrx_word' id='word_1_214' title='bbox 1358 3417 1385 3482; x_wconf 94' lang='lat' dir='ltr'>B</span> <span class='ocrx_word' id='word_1_215' title='bbox 1407 3425 1443 3487; x_wconf 92' lang='lat' dir='ltr'><strong>et</strong></span> 
     </span>
     <span class='ocr_line' id='line_1_26' title="bbox 169 3533 498 3602; baseline -0.003 -3"><span class='ocrx_word' id='word_1_216' title='bbox 169 3534 239 3602; x_wconf 92' lang='lat' dir='ltr'><strong>Pal.</strong></span> <span class='ocrx_word' id='word_1_217' title='bbox 262 3535 311 3601; x_wconf 77' lang='lat' dir='ltr'><strong>aci</strong></span> <span class='ocrx_word' id='word_1_218' title='bbox 337 3533 498 3600; x_wconf 89' lang='lat' dir='ltr'><strong>omittunt.</strong></span> 
     </span>
    </p>

    <p class='ocr_par' dir='ltr' id='par_1_11' title="bbox 166 3651 1443 4460">
     <span class='ocr_line' id='line_1_27' title="bbox 214 3651 1442 3743; baseline 0.006 -25"><span class='ocrx_word' id='word_1_219' title='bbox 214 3651 238 3743; x_wconf 65' lang='grc' dir='ltr'>ξ</span> <span class='ocrx_word' id='word_1_220' title='bbox 262 3655 293 3718; x_wconf 82' lang='grc'><strong>2.</strong></span> <span class='ocrx_word' id='word_1_221' title='bbox 318 3651 409 3737; x_wconf 86' lang='lat' dir='ltr'><strong>Vulg.</strong></span> <span class='ocrx_word' id='word_1_222' title='bbox 433 3653 582 3730; x_wconf 69' lang='grc' dir='ltr'><em>ἐγίγνοντο</em></span> <span class='ocrx_word' id='word_1_223' title='bbox 606 3652 635 3716; x_wconf 75' lang='grc' dir='ltr'><strong>δὲ</strong></span> <span class='ocrx_word' id='word_1_224' title='bbox 658 3652 708 3717; x_wconf 74' lang='grc' dir='ltr'><strong>καὶ</strong></span> <span class='ocrx_word' id='word_1_225' title='bbox 731 3653 824 3718; x_wconf 73' lang='grc' dir='ltr'><strong><em>ἄλλαι</em></strong></span> <span class='ocrx_word' id='word_1_226' title='bbox 849 3651 996 3735; x_wconf 77' lang='grc' dir='ltr'><strong><em>ὕστερον</em></strong></span> <span class='ocrx_word' id='word_1_227' title='bbox 1015 3654 1121 3720; x_wconf 75' lang='grc' dir='ltr'><strong><em>πυκναὶ</em></strong></span> <span class='ocrx_word' id='word_1_228' title='bbox 1138 3655 1300 3730; x_wconf 73' lang='grc' dir='ltr'><strong><em>ἐκκλησίαι.</em></strong></span> <span class='ocrx_word' id='word_1_229' title='bbox 1324 3654 1442 3725; x_wconf 81' lang='lat' dir='ltr'><strong>Valla:</strong></span> 
     </span>
     <span class='ocr_line' id='line_1_28' title="bbox 175 3771 1443 3863; baseline 0.006 -24"><span class='ocrx_word' id='word_1_230' title='bbox 175 3774 251 3853; x_wconf 85' lang='lat' dir='ltr'><strong>„sed</strong></span> <span class='ocrx_word' id='word_1_231' title='bbox 275 3779 308 3839; x_wconf 91' lang='lat' dir='ltr'><strong>et</strong></span> <span class='ocrx_word' id='word_1_232' title='bbox 331 3772 414 3839; x_wconf 88' lang='lat' dir='ltr'><strong>aliae</strong></span> <span class='ocrx_word' id='word_1_233' title='bbox 442 3772 594 3859; x_wconf 87' lang='lat' dir='ltr'><strong>deinceps</strong></span> <span class='ocrx_word' id='word_1_234' title='bbox 617 3772 749 3841; x_wconf 84' lang='lat' dir='ltr'><strong>crebrae</strong></span> <span class='ocrx_word' id='word_1_235' title='bbox 772 3777 848 3841; x_wconf 90' lang='lat' dir='ltr'><strong>sunt</strong></span> <span class='ocrx_word' id='word_1_236' title='bbox 869 3771 1000 3840; x_wconf 87' lang='lat' dir='ltr'><strong>habitae</strong></span> <span class='ocrx_word' id='word_1_237' title='bbox 1022 3773 1224 3842; x_wconf 86' lang='lat' dir='ltr'><strong>conciones&#39;&#39;.</strong></span> <span class='ocrx_word' id='word_1_238' title='bbox 1269 3775 1297 3840; x_wconf 89' lang='lat' dir='ltr'><strong>B</strong></span> <span class='ocrx_word' id='word_1_239' title='bbox 1319 3776 1443 3863; x_wconf 86' lang='lat' dir='ltr'><strong>injuria</strong></span> 
     </span>
     <span class='ocr_line' id='line_1_29' title="bbox 169 3889 1442 3982; baseline 0.004 -23"><span class='ocrx_word' id='word_1_240' title='bbox 169 3892 289 3959; x_wconf 85' lang='lat' dir='ltr'><strong>omittit</strong></span> <span class='ocrx_word' id='word_1_241' title='bbox 311 3891 444 3972; x_wconf 79' lang='grc' dir='ltr'><strong><em>ὕστερον,</em></strong></span> <span class='ocrx_word' id='word_1_242' title='bbox 467 3892 519 3958; x_wconf 83' lang='lat' dir='ltr'><strong>cui</strong></span> <span class='ocrx_word' id='word_1_243' title='bbox 542 3892 714 3978; x_wconf 84' lang='lat' dir='ltr'><strong>opponitur</strong></span> <span class='ocrx_word' id='word_1_244' title='bbox 737 3892 805 3958; x_wconf 72' lang='lat' dir='ltr'><strong>adra</strong></span> <span class='ocrx_word' id='word_1_245' title='bbox 830 3889 854 3982; x_wconf 59' lang='grc' dir='ltr'>ᾖ</span> <span class='ocrx_word' id='word_1_246' title='bbox 876 3893 905 3959; x_wconf 90' lang='grc'><strong>1.</strong></span> <span class='ocrx_word' id='word_1_247' title='bbox 941 3891 1033 3969; x_wconf 82' lang='lat' dir='ltr'><strong>Quod</strong></span> <span class='ocrx_word' id='word_1_248' title='bbox 1056 3893 1172 3961; x_wconf 80' lang='lat' dir='ltr'><strong>attinet</strong></span> <span class='ocrx_word' id='word_1_249' title='bbox 1194 3893 1238 3962; x_wconf 82' lang='lat' dir='ltr'><strong>ad</strong></span> <span class='ocrx_word' id='word_1_250' title='bbox 1259 3898 1370 3962; x_wconf 79' lang='grc' dir='ltr'><strong><em>πυκναὶ</em></strong></span> <span class='ocrx_word' id='word_1_251' title='bbox 1394 3899 1442 3964; x_wconf 84' lang='grc' dir='ltr'><strong>ἕκ-</strong></span> 
     </span>
     <span class='ocr_line' id='line_1_30' title="bbox 166 4010 1439 4103; baseline 0.007 -28"><span class='ocrx_word' id='word_1_252' title='bbox 166 4012 299 4089; x_wconf 68' lang='lat' dir='ltr'><strong>utpotae,</strong></span> <span class='ocrx_word' id='word_1_253' title='bbox 332 4010 428 4077; x_wconf 89' lang='lat' dir='ltr'><strong>Valla</strong></span> <span class='ocrx_word' id='word_1_254' title='bbox 449 4010 577 4095; x_wconf 86' lang='lat' dir='ltr'><strong>quidem</strong></span> <span class='ocrx_word' id='word_1_255' title='bbox 596 4011 682 4078; x_wconf 82' lang='lat' dir='ltr'><strong>videt</strong></span> <span class='ocrx_word' id='word_1_256' title='bbox 704 4011 868 4095; x_wconf 79' lang='lat' dir='ltr'><strong>vulgatam</strong></span> <span class='ocrx_word' id='word_1_257' title='bbox 890 4032 994 4097; x_wconf 91' lang='lat' dir='ltr'><strong>neque</strong></span> <span class='ocrx_word' id='word_1_258' title='bbox 1016 4011 1183 4081; x_wconf 80' lang='lat' dir='ltr'><strong>faciteam</strong></span> <span class='ocrx_word' id='word_1_259' title='bbox 1198 4013 1439 4103; x_wconf 85' lang='lat' dir='ltr'><strong>Herwerdeno‚</strong></span> 
     </span>
     <span class='ocr_line' id='line_1_31' title="bbox 169 4131 1441 4222; baseline 0.009 -27"><span class='ocrx_word' id='word_1_260' title='bbox 169 4131 224 4214; x_wconf 90' lang='lat' dir='ltr'><strong>qui</strong></span> <span class='ocrx_word' id='word_1_261' title='bbox 247 4131 447 4216; x_wconf 88' lang='lat' dir='ltr'><strong>periclitatus</strong></span> <span class='ocrx_word' id='word_1_262' title='bbox 471 4135 519 4197; x_wconf 89' lang='lat' dir='ltr'><strong>est</strong></span> <span class='ocrx_word' id='word_1_263' title='bbox 543 4132 760 4218; x_wconf 76' lang='lat' dir='ltr'><strong>conjecturam</strong></span> <span class='ocrx_word' id='word_1_264' title='bbox 784 4152 861 4198; x_wconf 87' lang='lat' dir='ltr'><strong>sane</strong></span> <span class='ocrx_word' id='word_1_265' title='bbox 883 4131 1157 4216; x_wconf 83' lang='lat' dir='ltr'><strong>elegantissimam</strong></span> <span class='ocrx_word' id='word_1_266' title='bbox 1181 4135 1210 4198; x_wconf 82' lang='grc' dir='ltr'><strong>ἕν</strong></span> <span class='ocrx_word' id='word_1_267' title='bbox 1226 4133 1336 4210; x_wconf 77' lang='grc' dir='ltr'><strong><em>Πυκνί,</em></strong></span> <span class='ocrx_word' id='word_1_268' title='bbox 1354 4157 1441 4222; x_wconf 83' lang='lat' dir='ltr'><strong>quae</strong></span> 
     </span>
     <span class='ocr_line' id='line_1_32' title="bbox 168 4250 1441 4325; baseline 0.007 -9"><span class='ocrx_word' id='word_1_269' title='bbox 168 4255 276 4317; x_wconf 90' lang='lat' dir='ltr'><strong>autem</strong></span> <span class='ocrx_word' id='word_1_270' title='bbox 311 4271 420 4316; x_wconf 87' lang='lat' dir='ltr'><strong>annon</strong></span> <span class='ocrx_word' id='word_1_271' title='bbox 455 4250 497 4316; x_wconf 89' lang='lat' dir='ltr'><strong>sit</strong></span> <span class='ocrx_word' id='word_1_272' title='bbox 530 4250 713 4317; x_wconf 87' lang='lat' dir='ltr'><strong>necessaria</strong></span> <span class='ocrx_word' id='word_1_273' title='bbox 747 4250 894 4317; x_wconf 87' lang='lat' dir='ltr'><strong>dubitare</strong></span> <span class='ocrx_word' id='word_1_274' title='bbox 928 4250 1013 4317; x_wconf 86' lang='lat' dir='ltr'><strong>lieet.</strong></span> <span class='ocrx_word' id='word_1_275' title='bbox 1058 4252 1129 4320; x_wconf 89' lang='lat' dir='ltr'><strong>Hac</strong></span> <span class='ocrx_word' id='word_1_276' title='bbox 1160 4252 1329 4322; x_wconf 86' lang='lat' dir='ltr'><strong>occasione</strong></span> <span class='ocrx_word' id='word_1_277' title='bbox 1362 4256 1441 4325; x_wconf 89' lang='lat' dir='ltr'><strong>data</strong></span> 
     </span>
     <span class='ocr_line' id='line_1_33' title="bbox 166 4367 1441 4460; baseline 0.006 -21"><span class='ocrx_word' id='word_1_278' title='bbox 166 4369 257 4439; x_wconf 85' lang='lat' dir='ltr'><strong>lubet</strong></span> <span class='ocrx_word' id='word_1_279' title='bbox 279 4370 530 4439; x_wconf 84' lang='lat' dir='ltr'><strong>animadvertere</strong></span> <span class='ocrx_word' id='word_1_280' title='bbox 553 4367 577 4460; x_wconf 63' lang='grc' dir='ltr'><strong>ξ</strong></span> <span class='ocrx_word' id='word_1_281' title='bbox 603 4371 620 4435; x_wconf 90' lang='grc'>1</span> <span class='ocrx_word' id='word_1_282' title='bbox 645 4370 679 4437; x_wconf 92' lang='lat' dir='ltr'><strong>in</strong></span> <span class='ocrx_word' id='word_1_283' title='bbox 702 4371 859 4450; x_wconf 71' lang='grc' dir='ltr'><strong><em>ἐκκλησίαν</em></strong></span> <span class='ocrx_word' id='word_1_284' title='bbox 881 4368 1051 4454; x_wconf 78' lang='grc' dir='ltr'><strong><em>ξυνέλεγον,</em></strong></span> <span class='ocrx_word' id='word_1_285' title='bbox 1083 4373 1156 4452; x_wconf 77' lang='grc' dir='ltr'><strong>μίαν</strong></span> <span class='ocrx_word' id='word_1_286' title='bbox 1186 4373 1241 4453; x_wconf 75' lang='grc' dir='ltr'><strong>μὲν</strong></span> <span class='ocrx_word' id='word_1_287' title='bbox 1264 4375 1347 4452; x_wconf 78' lang='grc' dir='ltr'><em>εὐθὺς</em></span> <span class='ocrx_word' id='word_1_288' title='bbox 1372 4376 1441 4447; x_wconf 77' lang='grc' dir='ltr'><strong>τότε</strong></span> 
     </span>
    </p>
   </div>
   <div class='ocr_carea' id='block_1_8' title="bbox 0 0 1504 4920">
    <p class='ocr_par' dir='ltr' id='par_1_12' title="bbox 0 0 1504 4920">
     <span class='ocr_line' id='line_1_34' title="bbox 0 0 1504 4920; baseline 0 1"><span class='ocrx_word' id='word_1_289' title='bbox 0 0 1504 4920; x_wconf 95' lang='lat' dir='ltr'><strong> </strong></span> 
     </span>
    </p>
   </div>
  </div>
 </body>
</html>
