3000 4920
723 312 787 386 119

108 564 225 638 πρῶτον
255 549 285 632 ές
316 561 368 634 τίον
399 558 501 626 Πύκνα
532 558 711 635 καλουμένην
743 578 794 623 me
821 557 930 642 judice
961 555 1091 622 omnino
1122 542 1200 628 αὖθις
1224 576 1283 640 pro
1306 554 1387 627 εὐθὺς

109 696 189 743 esse
212 676 389 762 legendnm.
437 676 528 755 Quod
552 678 612 744 uisi
635 676 803 743 fecerimus
826 674 949 742 frustra
971 697 1121 764 eausam,
1148 696 1205 741 cur
1228 675 1272 742 sit
1294 674 1387 741 addi·

109 799 184 861 tum
209 800 335 878 πρῶτον,
360 795 542 881 excogitare
565 795 761 863 conabimur.
784 795 935 877 Accedit,
959 801 996 861 ut
1018 796 1179 863 lucramur
1195 795 1388 862 sententiam

109 913 269 981 historiae
291 913 507 999 aptissimam:
530 914 592 981 hoc
614 935 730 1000 nempe
755 920 875 1002 puncto
892 914 1045 1000 temporis
1061 934 1237 1001 pancorum
1252 913 1388 1001 imperio

111 1032 254 1113 abolito,
285 1054 396 1100 rursus
427 1035 597 1102 conciones
628 1039 703 1101 sunt
732 1033 862 1102 habitae
894 1035 924 1098 ἐν
954 1042 992 1116 τῇ
1020 1035 1128 1115 Πυκνί,
1151 1034 1207 1100 nbi
1230 1039 1264 1100 et
1287 1040 1387 1101 antea

116 1151 259 1238 populns
282 1152 479 1234 ἐκκλησιάζειν
503 1152 637 1221 solebat.

159 1270 242 1338 Ibid.
266 1270 358 1357 Vulg.
389 1272 496 1352 μετρία
530 1271 589 1353 γὰρ
613 1272 631 1349 ἶς’
653 1298 693 1338 τε
716 1275 746 1346 ές
769 1274 835 1344 τοὺς
861 1273 976 1352 ὀλίγους
1000 1271 1048 1337 καί
1073 1271 1139 1345 τοὺς
1163 1271 1290 1344 πολλοὺς
1312 1270 1386 1350 ξύμ·

113 1414 215 1472 κρασις
245 1391 360 1468 ἐγένετο
387 1391 436 1456 καί
462 1393 539 1471 κσὲ.;
571 1392 599 1457 Β
621 1392 699 1478 legit
722 1390 739 1467 ἶν’
762 1416 799 1471 γε
822 1398 955 1459 etanta
978 1393 1044 1465 τοὺς
1068 1392 1194 1463 πολλοὺς
1219 1391 1316 1458 habet
1339 1393 1386 1474 έςς

112 1510 148 1576 in
180 1514 315 1595 πέπαυτο
345 1517 454 1577 autem
486 1531 520 1577 re
551 1511 726 1579 Vaticanus
757 1532 822 1577 non
853 1517 902 1578 est
934 1511 1114 1578 audiendus
1144 1531 1217 1577 cum
1240 1511 1277 1589 ρέ
1307 1509 1387 1577 nihil

114 1627 274 1714 signifieat
303 1650 407 1715 neque
436 1628 618 1697 iterandum
643 1630 685 1696 sit
707 1632 754 1714 ε’ς,
779 1629 866 1714 quod
888 1628 1072 1696 faciendum
1096 1629 1209 1696 saltam
1233 1633 1334 1710 esset,
1358 1629 1386 1695 si

113 1755 147 1816 et
171 1753 245 1815 anto
269 1751 297 1821 ἐς
320 1750 386 1822 τοὺς
408 1749 522 1827 ὀλίγους
547 1754 689 1816 exstaret
710 1748 760 1814 καί
786 1747 825 1815 cf.
848 1746 873 1837 ᾗ
896 1749 926 1815 3.
965 1748 1062 1815 Valla
1083 1748 1162 1814 nihil
1185 1769 1244 1814 nos
1269 1747 1387 1815 docere

113 1871 223 1951 potest
255 1865 420 1947 „videntur
450 1867 528 1932 mihi
554 1865 767 1933 Athenienses
791 1887 855 1933 uon
879 1887 994 1950 parum
1023 1865 1189 1933 commode
1212 1866 1386 1951 rempubli-

115 2006 187 2052 cam
211 1985 473 2065 administrasse,
497 1986 582 2054 inter
605 1991 776 2071 utramque
797 1985 970 2052 factionem
993 2007 1171 2071 pancorum
1193 1992 1227 2052 et
1241 1985 1387 2053 multitu·

113 2105 218 2184 dinis,
241 2105 277 2171 in
299 2126 397 2173 unam
420 2106 602 2192 redactam,
626 2105 753 2192 egregio
776 2103 1062 2190 temperament0”.

161 2229 182 2309 ξ
207 2225 237 2291 3.
260 2224 352 2311 Vulg.
376 2225 628 2292 διεκελεύοντο
654 2226 848 2291 ἐνθάπτεσθαι
864 2231 920 2289 τῶν
936 2225 1134 2305 πραγμάτων.
1158 2223 1388 2291 Βδιακελειί·

112 2368 238 2426 ονται,
271 2339 358 2429 quod
379 2350 514 2431 propter
535 2345 732 2431 praecedens
755 2346 941 2427 ἐψηφίσαντο
964 2349 1014 2412 est
1037 2344 1256 2431 rejiciendum.
1291 2343 1388 2411 Valla

115 2463 198 2530 nihil
232 2465 384 2533 certiores
411 2486 471 2533 nos
493 2464 588 2532 facit:
624 2464 834 2533 decreverunt
856 2472 889 2531 et
912 2466 953 2532 ad
977 2485 1049 2531 enm
1072 2470 1105 2531 et
1128 2464 1170 2530 ad
1193 2463 1310 2531 milites
1332 2463 1388 2548 qni

116 2604 191 2650 cnm
215 2603 254 2651 eo
276 2584 310 2650 in
335 2582 431 2652 Samo
454 2591 562 2652 essent
584 2583 791 2664 mittendum,
812 2585 961 2670 jubentes
984 2588 1021 2651 nt
1041 2582 1084 2650 ad
1100 2582 1387 2650 administrandam

113 2704 347 2789 rempublicam
370 2702 571 2771 accederet''.

160 2946 269 3032 Caput
291 2947 335 3012 98
357 2944 382 3036 ξ
408 2948 436 3013 l.
458 2945 551 3032 Vulg.
580 2950 630 3012 Ἐν
653 2946 682 3011 δὲ
705 2956 742 3027 τῇ
765 2946 923 3029 μεταβολῇ
947 2945 1042 3028 ταύτῃ
1070 2946 1175 3018 εὐθὺς
1198 2946 1223 3009 οἱ
1246 2946 1300 3022 μὲν
1323 2945 1386 3025 περί

113 3067 164 3132 τίν
188 3065 358 3147 Πείσανδρον
465 3064 675 3146 ὑπεξέρχονται
694 3068 722 3137 ἐς
738 3068 790 3139 τὴν
808 3066 984 3143 Δεκέλειαν;
1007 3076 1029 3129 Β
1047 3064 1129 3136 εὐθὺς
1145 3083 1295 3147 perverse
1311 3067 1387 3129 ante

113 3184 327 3266 ὑπεξέρχονται
361 3185 506 3252 collocat.
552 3185 647 3254 Valla
677 3191 779 3253 recte:
815 3186 924 3272 „Inter
946 3185 1030 3250 hanc
1055 3184 1163 3250 statim
1187 3202 1294 3248 rerum
1317 3203 1386 3248 mu·

114 3303 275 3372 tationem
298 3303 454 3371 Pisander
469 3354 476 3370 .
490 3355 496 3370 .
510 3355 538 3371 ..
564 3325 635 3371 eum
659 3305 726 3371 suis
743 3355 810 3371 ....
826 3326 860 3372 se
883 3305 917 3369 in
940 3303 1111 3370 Deceleam
1134 3300 1386 3370 subduxerunt’'.

161 3430 183 3509 ξ
208 3424 239 3494 3.
263 3424 357 3510 Vulg.
381 3425 572 3499 κοίκείνους
596 3427 641 3492 δεῖ
661 3433 789 3498 Βοιωτοῖς
813 3430 845 3492 τί
868 3427 971 3506 χορίον
995 3423 1183 3506 παραδοῦναι.
1206 3433 1227 3486 Β
1250 3422 1313 3486 καί
1336 3425 1387 3487 κοί·

112 3547 222 3618 κείνους
254 3545 379 3613 soloece
412 3545 541 3613 dictum.
588 3547 684 3614 Valla
715 3567 787 3613 cnm
811 3546 956 3630 vulgata:
987 3542 1124 3626 „debere
1147 3547 1181 3609 et
1201 3541 1291 3627 ipsos
1313 3560 1385 3607 enm

112 3666 222 3733 locum
245 3665 373 3732 tradere
395 3663 559 3732 Boeotis”.

161 3903 269 3988 Caput
291 3905 334 3970 99
357 3902 382 3994 ἓ
402 3905 432 3970 2.
455 3903 550 3989 Vulg.
569 3904 702 3987 πρότερον
715 3953 723 3969 .
738 3949 744 3964 .
759 3954 766 3971 .
781 3902 954 3969 ,ἑκκαίδεκα
970 3905 999 3974 ἐς
1016 3903 1104 3966 αὐτὸν
1120 3908 1183 3976 νῆες
1199 3899 1386 3965 ἐπέπλευσαν

113 4022 180 4090 καί
205 4031 258 4099 τῆς
282 4025 457 4104 Χερσονήσου
477 4050 506 4089 τι
529 4025 613 4106 μέρος
640 4023 821 4104 κατεδραμον
845 4021 891 4087 sic
914 4025 948 4087 et
969 4018 1080 4086 Valla:
1106 4037 1190 4103 „quo
1213 4017 1303 4102 prius
1325 4036 1386 4101 per

112 4143 201 4210 hanc
223 4140 358 4209 eandem
382 4147 538 4209 aestatem
562 4142 729 4210 duodecim
753 4139 837 4207 aliae
860 4159 957 4205 naves
981 4142 1223 4223 concesserant,
1248 4139 1288 4200 et
1310 4155 1385 4219 par·

110 4268 180 4331 tem
214 4261 376 4347 quandam
408 4259 599 4329 Cherronesi
629 4259 865 4329 incursionibus
895 4254 1153 4325 infestaverant’'.
1188 4267 1210 4321 Β
1238 4251 1277 4319 αί
1305 4255 1384 4330 καί,

113 4382 205 4470 quod
228 4381 400 4450 Classenus
424 4381 552 4451 omnino
574 4382 791 4452 necessarium
815 4401 886 4451 esse
910 4385 1028 4450 censet.
1051 4377 1207 4464 Equidem
1223 4375 1256 4443 in
1273 4372 1385 4445 addite
