3000 4920
735 336 776 415 t1

105 596 229 663 inserit
254 593 357 675 πεζῶν,
380 593 467 677 quod
490 592 601 672 Valle,
625 590 720 669 alibi,
745 597 783 657 ut
805 589 851 656 ait
876 589 1038 668 Stahlius‚
1062 588 1129 656 fere
1153 609 1279 674 semper
1303 577 1391 656 Vati-

109 736 195 782 eano
235 715 455 792 consentiens,
485 714 560 798 jure
591 711 745 798 neglexit,
780 711 857 794 quia
886 709 1027 775 barbare
1050 714 1087 775 ut
1108 707 1167 775 fiat
1189 707 1285 775 lectio
1311 709 1391 776 iacit

108 835 392 902 additamentum:
420 853 534 919 graece
557 833 686 900 omnino
710 831 880 899 dicendum
904 838 978 898 erat
1000 831 1050 897 τὸν
1073 830 1198 912 στρατὸν
1220 832 1269 897 τὸν
1294 831 1391 914 πεζόν.

108 957 232 1024 Valla:
260 955 451 1039 „resumptis
475 954 540 1021 suis
563 953 665 1038 copiis
687 952 818 1037 trajecit
838 951 872 1017 in
896 951 1021 1017 Chium.

157 1196 271 1279 Caput
301 1191 391 1284 24ss
418 1195 444 1260 1.
475 1191 567 1278 Vulg.
592 1192 735 1270 ἔσπασαν,
760 1203 782 1257 Β
807 1188 939 1272 ὕστερον,
964 1191 1060 1258 male.
1096 1191 1208 1258 Vella:
1241 1200 1391 1273 ‚erecto

109 1313 310 1401 trophoeo.”

158 1433 184 1525 ξ
209 1437 244 1502 2.
266 1433 359 1517 Vulg.
383 1434 416 1497 ἐκ
438 1431 556 1509 Λέσβον
580 1431 607 1497 Β
631 1437 706 1497 ante
730 1430 848 1508 Λέσβου
871 1430 970 1497 habet
993 1437 1062 1513 τοῦ,
1086 1431 1172 1517 quod
1195 1430 1338 1499 Stahlius
1359 1438 1393 1499 et

112 1553 354 1621 Herwerdenus
377 1572 441 1618 non
465 1555 665 1636 receperunt.
711 1549 822 1617 Valla:
851 1571 911 1631 „ex
934 1549 1070 1619 Lesbo.’'

159 1673 247 1742 Ibid.
281 1671 372 1756 Vulg.
404 1672 436 1736 ἐκ
465 1696 499 1736 πε
531 1671 692 1736 Οἷνοωοσῶν
728 1675 784 1735 τῶν
819 1672 872 1751 πρὸ
896 1671 964 1736 Χίου
988 1671 1078 1748 νήσων
1102 1673 1151 1737 καὶ
1175 1673 1208 1738 ἐκ
1232 1671 1390 1749 Σοδούπονς

112 1794 165 1860 καὶ
200 1796 236 1858 ἔα
268 1797 416 1871 Πτελεοῦ,
451 1789 471 1857 ἃ
507 1793 536 1856 ἐν
566 1801 604 1872 τῇ
636 1789 787 1871 Ἐρυθραίαν
819 1785 900 1870 εἶχον
929 1792 1018 1871 τείχη
1050 1791 1204 1869 ὃρμῶμενοο
1238 1792 1288 1857 πον
1322 1792 1391 1872 πρὸς

112 1915 180 1987 ποὺς
205 1913 291 1984 Χίους
315 1911 443 1989 πόλεμον
466 1911 526 1976 ἀπὸ
548 1917 604 1976 πῶν
627 1916 693 1974 νεῶν
716 1911 870 1976 ἐπονοῦντο.
906 1908 933 1974 Β
956 1917 1031 1995 post
1048 1914 1136 1992 τείχη
1152 1910 1244 1978 addit
1258 1913 1392 1996 ἀπῆραν,

111 2032 322 2100 tribuendum
354 2031 523 2117 interpreti
553 2031 626 2115 qui,
658 2031 847 2097 medicinam
873 2028 1027 2097 adhibere
1049 2037 1189 2117 putans,
1213 2032 1393 2100 sententiae

115 2160 265 2221 tenorem
289 2151 440 2218 turbarit.
464 2150 630 2230 Quomodo
646 2150 731 2216 enim
747 2171 787 2217 ex
807 2150 959 2218 Oenusais
975 2150 1107 2236 insulis,
1128 2172 1167 2218 ex
1183 2150 1335 2232 Sidussa,
1353 2174 1392 2220 ex

116 2272 230 2339 Pteleo
245 2271 416 2355 enavigare
430 2276 606 2355 potuerunt
620 2269 862 2337 Atheniensium
878 2271 977 2338 duces
992 2276 1106 2338 eontra
1121 2270 1244 2358 Chium,
1263 2272 1392 2339 eodem·

116 2412 180 2477 qne
204 2396 350 2476 tempore
374 2411 392 2456 e
415 2389 545 2457 Lesbo?
578 2389 667 2468 Quae
691 2388 866 2456 difficultas
889 2396 990 2457 restat
1008 2391 1133 2458 etiamsi
1149 2413 1223 2457 eum
1238 2390 1393 2460 Olasseno

117 2510 172 2596 (ef.
201 2510 289 2577 Krit.
319 2509 417 2596 Aah.)
449 2509 616 2576 scribimus
646 2511 764 2591 οέπῆροον
794 2512 826 2574 ἐκ
855 2517 908 2583 πῆς
934 2510 1053 2588 Λέσβον
1076 2511 1125 2576 καὶ
1149 2511 1305 2590 ὁρμώμενον
1329 2513 1391 2581 κπὲ.

117 2630 297 2715 corruptus
320 2651 397 2697 sane
420 2630 510 2698 locus
534 2637 584 2697 est
590 2657 600 2709 3
625 2630 711 2714 quod
735 2629 832 2697 etiam
856 2628 995 2697 efficitur
1017 2651 1057 2697 ex
1073 2630 1184 2712 Vella,
1207 2632 1264 2718 qui
1278 2634 1391 2700 vertit:

122 2771 227 2837 „qnos
249 2771 356 2817 muros
379 2751 412 2816 in
436 2745 617 2838 Erythraea
640 2750 820 2830 habebant,
851 2749 1047 2817 diruerunt.”
1092 2750 1154 2818 Pro
1177 2755 1293 2835 ἀπῆραν
1315 2753 1394 2838 legit

118 2869 218 2956 igitur
240 2873 389 2947 καθεῖλον,
413 2870 501 2955 quod
527 2875 675 2955 superest
697 2870 731 2935 in
755 2869 783 2934 D
806 2875 838 2936 et
861 2869 886 2936 Ι.

163 2988 189 3081 ξ
212 2991 245 3057 3.
266 2988 359 3075 Vulg.
383 2993 527 3072 Βολίοορ,
549 2994 587 3056 ut
609 2989 704 3055 Valla
730 2986 940 3074 ‚,Bolissum’',
964 2988 991 3051 Β
1015 2994 1102 3056 reete
1125 2992 1252 3072 Βολίσκῳ
1268 2991 1306 3077 1).

162 3107 187 3200 ξ
218 3110 251 3176 4.
286 3109 377 3196 Vulg.
408 3117 469 3176 Χῖον
497 3110 557 3189 obp
588 3109 666 3187 μόνον
698 3111 779 3187 pest
810 3109 1057 3186 Λακεδαιμονίους
1188 3111 1394 3188 εὐδαιμονῶ·

122 3253 247 3300 σαντες
280 3226 347 3307 ἅμα
378 3228 429 3295 καὶ
453 3228 665 3313 ἐσωφρόνησαν,
688 3228 715 3292 Β
735 3229 808 3313 jure
832 3227 1094 3305 ηὐδαιμόννποὶν
1117 3253 1166 3293 πε.
1212 3229 1290 3301 Duo¹
1308 3228 1392 3295 enim

125 3347 220 3415 rerba
251 3346 344 3414 finita
375 3354 411 3413 ut
435 3354 656 3433 exspectemus
681 3346 759 3413 facit
781 3344 860 3425 ἅμα.
908 3346 1052 3413 Stahlius
1072 3348 1140 3433 jem
1165 3347 1394 3414 animadvertit

128 3466 236 3534 Veliae
259 3487 331 3533 eum
353 3467 381 3533 B
405 3488 612 3534 eonsensum:
639 3466 748 3548 „beati
771 3471 804 3533 et
825 3466 922 3532 iidem
946 3467 1082 3533 modesti
1106 3465 1325 3534 exstiterunt.”

122 3616 125 3622 ·
167 3587 259 3672 vulg.
286 3587 374 3668 πόσῳ,
399 3594 486 3654 reete
510 3594 543 3653 et
567 3587 679 3654 Valla:
706 3584 792 3667 „eo'’.
816 3585 843 3649 B
865 3586 981 3666 ποοῷδ.

167 3704 190 3798 ξ
220 3708 251 3773 5.
285 3705 377 3792 Vulg.
407 3707 501 3772 unice
532 3728 642 3772 rerum
671 3705 926 3791 comparativum
948 3705 1049 3772 refert
1070 3705 1105 3771 in
1128 3707 1152 3771 εἱ
1176 3712 1259 3772 τοῦτο
1284 3707 1392 3774 tenetes

128 3828 203 3908 παρὰ
234 3825 269 3892 πὸ
299 3827 573 3908 ἀσφαλέστερον
604 3825 715 3906 πρῶξαο
746 3831 783 3891 ut
813 3824 924 3892 Valla:
956 3825 1154 3905 „siminus
1178 3833 1265 3894 tuto
1290 3827 1392 3894 moliti

128 3965 190 4012 eme
212 3941 391 4013 videntur?
436 3929 470 4011 B‘
488 3967 636 4030 perverse
659 3945 908 4028 ἀσφαλέστατον,
936 3951 972 4010 ut
995 3944 1092 4010 etiem
1115 3945 1144 4017 ἐς
1167 3965 1227 4029 pro
1250 3947 1285 4012 εἰ.

165 4063 247 4132 Ibid.
280 4063 374 4149 Vulg.
405 4064 423 4140 ἢ
454 4066 553 4143 μετὰ
576 4072 720 4130 πολλῶν
742 4091 782 4130 πε
806 4066 978 4141 κάγαθῶν
1000 4062 1212 4144 ξυμμάχων
1234 4065 1392 4142 ἔμελλον

71 4218 78 4257 ε
128 4181 453 4265 ἒννκονδννεύοενν,
484 4196 506 4250 Β
538 4184 555 4259 ἦ
586 4187 686 4262 μετα
718 4190 861 4250 πολλῶν
892 4209 932 4249 πε
958 4185 1130 4260 κάγαθῶν
1161 4182 1389 4269 ξυμμάχων,

71 4480 78 4495 ν
151 4457 178 4527 t)
194 4459 229 4513 cf.
246 4455 331 4526 praet
349 4466 407 4521 pag.
420 4450 492 4504 vm.
