<?xml version="1.0" encoding="UTF-8"?>
<!DOCTYPE html PUBLIC "-//W3C//DTD XHTML 1.0 Transitional//EN"
    "http://www.w3.org/TR/xhtml1/DTD/xhtml1-transitional.dtd">
<html xmlns="http://www.w3.org/1999/xhtml" xml:lang="en" lang="en">
 <head>
  <title>
</title>
<meta http-equiv="Content-Type" content="text/html;charset=utf-8" />
  <meta name='ocr-system' content='tesseract 3.04.00' />
  <meta name='ocr-capabilities' content='ocr_page ocr_carea ocr_par ocr_line ocrx_word'/>
</head>
<body>
  <div class='ocr_page' id='page_1' title='image "./dethucydidisvat01vallgoog_0111.png"; bbox 0 0 3000 4920; ppageno 0'>
   <div class='ocr_carea' id='block_1_1' title="bbox 784 335 826 402">
    <p class='ocr_par' dir='ltr' id='par_1_1' title="bbox 784 335 826 402">
     <span class='ocr_line' id='line_1_1' title="bbox 784 335 826 402; baseline 0 0"><span class='ocrx_word' id='word_1_1' title='bbox 784 335 826 402; x_wconf 80' lang='lat'><strong>88</strong></span> 
     </span>
    </p>
   </div>
   <div class='ocr_carea' id='block_1_2' title="bbox 173 559 1442 658">
    <p class='ocr_par' dir='ltr' id='par_1_2' title="bbox 173 559 1442 658">
     <span class='ocr_line' id='line_1_2' title="bbox 173 559 1442 658; baseline -0.005 -16"><span class='ocrx_word' id='word_1_2' title='bbox 173 576 326 642; x_wconf 81' lang='lat' dir='ltr'><strong>articulus</strong></span> <span class='ocrx_word' id='word_1_3' title='bbox 361 575 499 642; x_wconf 80' lang='lat' dir='ltr'><strong>addatur</strong></span> <span class='ocrx_word' id='word_1_4' title='bbox 537 575 666 641; x_wconf 90' lang='lat' dir='ltr'><strong>minime</strong></span> <span class='ocrx_word' id='word_1_5' title='bbox 701 574 750 642; x_wconf 87' lang='lat' dir='ltr'><strong>est</strong></span> <span class='ocrx_word' id='word_1_6' title='bbox 780 595 925 654; x_wconf 88' lang='lat' dir='ltr'><strong>necesse,</strong></span> <span class='ocrx_word' id='word_1_7' title='bbox 956 573 1107 640; x_wconf 88' lang='lat' dir='ltr'><strong>notabilis</strong></span> <span class='ocrx_word' id='word_1_8' title='bbox 1140 559 1355 658; x_wconf 85' lang='lat' dir='ltr'><strong>significantia</strong></span> <span class='ocrx_word' id='word_1_9' title='bbox 1391 575 1442 637; x_wconf 86' lang='lat' dir='ltr'><strong>est</strong></span> 
     </span>
    </p>
   </div>
   <div class='ocr_carea' id='block_1_3' title="bbox 49 690 1441 777">
    <p class='ocr_par' dir='ltr' id='par_1_3' title="bbox 49 690 1441 777">
     <span class='ocr_line' id='line_1_3' title="bbox 49 690 1441 777; baseline -0.004 -16"><span class='ocrx_word' id='word_1_10' title='bbox 49 730 54 739; x_wconf 93' lang='lat'><em>·</em></span> <span class='ocrx_word' id='word_1_11' title='bbox 172 694 335 761; x_wconf 84' lang='lat' dir='ltr'><strong>Vaticani:</strong></span> <span class='ocrx_word' id='word_1_12' title='bbox 360 698 395 761; x_wconf 81' lang='grc' dir='ltr'><strong>οὐ</strong></span> <span class='ocrx_word' id='word_1_13' title='bbox 418 697 483 768; x_wconf 69' lang='grc' dir='ltr'><strong>τὰς</strong></span> <span class='ocrx_word' id='word_1_14' title='bbox 506 696 684 775; x_wconf 74' lang='grc' dir='ltr'><em>ἐλνχίσσσς.</em></span> <span class='ocrx_word' id='word_1_15' title='bbox 725 694 832 761; x_wconf 85' lang='lat' dir='ltr'><strong>Valla:</strong></span> <span class='ocrx_word' id='word_1_16' title='bbox 860 695 913 776; x_wconf 89' lang='lat' dir='ltr'><strong>„in</strong></span> <span class='ocrx_word' id='word_1_17' title='bbox 936 691 1022 759; x_wconf 93' lang='lat' dir='ltr'><strong>illius</strong></span> <span class='ocrx_word' id='word_1_18' title='bbox 1044 691 1179 777; x_wconf 85' lang='lat' dir='ltr'><strong>imperio</strong></span> <span class='ocrx_word' id='word_1_19' title='bbox 1203 713 1267 759; x_wconf 94' lang='lat' dir='ltr'><strong>non</strong></span> <span class='ocrx_word' id='word_1_20' title='bbox 1291 690 1441 757; x_wconf 87' lang='lat' dir='ltr'><strong>minimas</strong></span> 
     </span>
    </p>
   </div>
   <div class='ocr_carea' id='block_1_4' title="bbox 172 813 1445 1021">
    <p class='ocr_par' dir='ltr' id='par_1_4' title="bbox 172 813 1445 1021">
     <span class='ocr_line' id='line_1_4' title="bbox 172 813 536 883; baseline -0.008 -1"><span class='ocrx_word' id='word_1_21' title='bbox 172 816 269 883; x_wconf 88' lang='lat' dir='ltr'><strong>urbes</strong></span> <span class='ocrx_word' id='word_1_22' title='bbox 293 813 536 882; x_wconf 57' lang='lat' dir='ltr'><strong>obtinentibus&amp;</strong></span> 
     </span>
     <span class='ocr_line' id='line_1_5' title="bbox 217 928 1445 1021; baseline -0.006 -20"><span class='ocrx_word' id='word_1_23' title='bbox 217 936 299 1002; x_wconf 87' lang='lat' dir='ltr'><strong>Ibid.</strong></span> <span class='ocrx_word' id='word_1_24' title='bbox 332 937 423 1021; x_wconf 84' lang='lat' dir='ltr'><strong>Vulg.</strong></span> <span class='ocrx_word' id='word_1_25' title='bbox 455 937 507 1018; x_wconf 77' lang='grc' dir='ltr'><strong>ὑφ’</strong></span> <span class='ocrx_word' id='word_1_26' title='bbox 536 932 573 1000; x_wconf 77' lang='grc' dir='ltr'><strong>ὧν</strong></span> <span class='ocrx_word' id='word_1_27' title='bbox 601 935 678 1001; x_wconf 78' lang='grc' dir='ltr'><em>οὐδὲν</em></span> <span class='ocrx_word' id='word_1_28' title='bbox 709 935 796 999; x_wconf 72' lang='grc' dir='ltr'><em>κακὸν</em></span> <span class='ocrx_word' id='word_1_29' title='bbox 826 934 965 1010; x_wconf 70' lang='grc' dir='ltr'><strong>πέπονθε,</strong></span> <span class='ocrx_word' id='word_1_30' title='bbox 998 945 1019 998; x_wconf 91' lang='grc' dir='ltr'><strong>Β</strong></span> <span class='ocrx_word' id='word_1_31' title='bbox 1043 932 1121 997; x_wconf 77' lang='grc' dir='ltr'><em>οὐδέν</em></span> <span class='ocrx_word' id='word_1_32' title='bbox 1144 956 1189 996; x_wconf 78' lang='grc' dir='ltr'><strong>πω</strong></span> <span class='ocrx_word' id='word_1_33' title='bbox 1211 930 1318 1016; x_wconf 71' lang='lat' dir='ltr'><strong>amedu,</strong></span> <span class='ocrx_word' id='word_1_34' title='bbox 1352 928 1445 994; x_wconf 83' lang='lat' dir='ltr'><strong>cuius</strong></span> 
     </span>
    </p>
   </div>
   <div class='ocr_carea' id='block_1_5' title="bbox 171 1046 1454 2573">
    <p class='ocr_par' dir='ltr' id='par_1_5' title="bbox 171 1046 1446 1261">
     <span class='ocr_line' id='line_1_6' title="bbox 171 1046 1446 1140; baseline -0.007 -19"><span class='ocrx_word' id='word_1_35' title='bbox 171 1055 318 1123; x_wconf 89' lang='lat' dir='ltr'><strong>lectionis</strong></span> <span class='ocrx_word' id='word_1_36' title='bbox 341 1057 477 1140; x_wconf 90' lang='lat' dir='ltr'><strong>quisque</strong></span> <span class='ocrx_word' id='word_1_37' title='bbox 501 1056 647 1140; x_wconf 80' lang='lat' dir='ltr'><strong>agnoscit</strong></span> <span class='ocrx_word' id='word_1_38' title='bbox 671 1054 873 1139; x_wconf 79' lang='lat' dir='ltr'><strong>elegantiam.</strong></span> <span class='ocrx_word' id='word_1_39' title='bbox 910 1051 962 1118; x_wconf 86' lang='lat' dir='ltr'><strong>Sic</strong></span> <span class='ocrx_word' id='word_1_40' title='bbox 985 1051 1096 1118; x_wconf 89' lang='lat' dir='ltr'><strong>Valla:</strong></span> <span class='ocrx_word' id='word_1_41' title='bbox 1124 1071 1164 1130; x_wconf 88' lang='lat' dir='ltr'><strong>„a</strong></span> <span class='ocrx_word' id='word_1_42' title='bbox 1188 1049 1304 1133; x_wconf 91' lang='lat' dir='ltr'><strong>quibus</strong></span> <span class='ocrx_word' id='word_1_43' title='bbox 1328 1046 1446 1113; x_wconf 93' lang='lat' dir='ltr'><strong>nihil-</strong></span> 
     </span>
     <span class='ocr_line' id='line_1_7' title="bbox 172 1174 595 1261; baseline -0.002 -20"><span class='ocrx_word' id='word_1_44' title='bbox 172 1177 257 1242; x_wconf 89' lang='lat' dir='ltr'><strong>dum</strong></span> <span class='ocrx_word' id='word_1_45' title='bbox 281 1178 356 1243; x_wconf 93' lang='lat' dir='ltr'><strong>mali</strong></span> <span class='ocrx_word' id='word_1_46' title='bbox 379 1197 495 1261; x_wconf 88' lang='lat' dir='ltr'><strong>passus</strong></span> <span class='ocrx_word' id='word_1_47' title='bbox 518 1174 595 1242; x_wconf 85' lang='lat' dir='ltr'><strong>est&#39;&#39;.</strong></span> 
     </span>
    </p>

    <p class='ocr_par' dir='ltr' id='par_1_6' title="bbox 172 1286 1448 1616">
     <span class='ocr_line' id='line_1_8' title="bbox 216 1286 1448 1383; baseline -0.007 -22"><span class='ocrx_word' id='word_1_48' title='bbox 216 1293 241 1383; x_wconf 61' lang='grc' dir='ltr'>ξ</span> <span class='ocrx_word' id='word_1_49' title='bbox 272 1297 302 1360; x_wconf 88' lang='grc'><strong>6.</strong></span> <span class='ocrx_word' id='word_1_50' title='bbox 332 1295 427 1378; x_wconf 84' lang='lat' dir='ltr'><strong>Vulg.</strong></span> <span class='ocrx_word' id='word_1_51' title='bbox 459 1292 566 1373; x_wconf 74' lang='grc' dir='ltr'><em>ἄκριτον</em></span> <span class='ocrx_word' id='word_1_52' title='bbox 597 1290 632 1357; x_wconf 75' lang='grc' dir='ltr'><strong>ἄν</strong></span> <span class='ocrx_word' id='word_1_53' title='bbox 663 1291 712 1356; x_wconf 77' lang='lat' dir='ltr'><strong>ccl</strong></span> <span class='ocrx_word' id='word_1_54' title='bbox 739 1290 943 1372; x_wconf 70' lang='grc' dir='ltr'><em>βιαιότερον</em></span> <span class='ocrx_word' id='word_1_55' title='bbox 966 1291 1165 1367; x_wconf 70' lang='grc' dir='ltr'><strong>ἀποθνήσκειν.</strong></span> <span class='ocrx_word' id='word_1_56' title='bbox 1201 1290 1309 1355; x_wconf 78' lang='lat' dir='ltr'><strong>Recte.</strong></span> <span class='ocrx_word' id='word_1_57' title='bbox 1345 1286 1448 1353; x_wconf 82' lang='lat' dir='ltr'><strong>Valla</strong></span> 
     </span>
     <span class='ocr_line' id='line_1_9' title="bbox 175 1387 1448 1495; baseline -0.009 -17"><span class='ocrx_word' id='word_1_58' title='bbox 175 1413 341 1495; x_wconf 88' lang='lat' dir='ltr'><strong>„inaudita</strong></span> <span class='ocrx_word' id='word_1_59' title='bbox 364 1434 463 1479; x_wconf 87' lang='lat' dir='ltr'><strong>causa</strong></span> <span class='ocrx_word' id='word_1_60' title='bbox 485 1411 630 1478; x_wconf 89' lang='lat' dir='ltr'><strong>homines</strong></span> <span class='ocrx_word' id='word_1_61' title='bbox 655 1416 754 1494; x_wconf 85' lang='lat' dir='ltr'><strong>atque</strong></span> <span class='ocrx_word' id='word_1_62' title='bbox 776 1410 945 1477; x_wconf 88' lang='lat' dir='ltr'><strong>immanius</strong></span> <span class='ocrx_word' id='word_1_63' title='bbox 962 1410 1004 1476; x_wconf 91' lang='lat' dir='ltr'><strong>ad</strong></span> <span class='ocrx_word' id='word_1_64' title='bbox 1023 1431 1132 1476; x_wconf 90' lang='lat' dir='ltr'><strong>necem</strong></span> <span class='ocrx_word' id='word_1_65' title='bbox 1148 1387 1221 1477; x_wconf 83' lang='lat' dir='ltr'><strong>esse</strong></span> <span class='ocrx_word' id='word_1_66' title='bbox 1237 1403 1448 1493; x_wconf 87' lang='lat' dir='ltr'><strong>rapiendos&#39;’.</strong></span> 
     </span>
     <span class='ocr_line' id='line_1_10' title="bbox 172 1529 953 1616; baseline -0.003 -20"><span class='ocrx_word' id='word_1_67' title='bbox 172 1532 199 1596; x_wconf 92' lang='lat' dir='ltr'>B</span> <span class='ocrx_word' id='word_1_68' title='bbox 223 1553 240 1598; x_wconf 86' lang='lat' dir='ltr'><strong>e</strong></span> <span class='ocrx_word' id='word_1_69' title='bbox 263 1532 387 1599; x_wconf 87' lang='lat' dir='ltr'><strong>librarii</strong></span> <span class='ocrx_word' id='word_1_70' title='bbox 410 1531 549 1599; x_wconf 81' lang='lat' dir='ltr'><strong>fortasse</strong></span> <span class='ocrx_word' id='word_1_71' title='bbox 573 1531 706 1597; x_wconf 83' lang='lat' dir='ltr'><strong>mendo:</strong></span> <span class='ocrx_word' id='word_1_72' title='bbox 733 1529 953 1616; x_wconf 64' lang='lat' dir='ltr'><strong>„sscssaro&#39;ccpoa</strong></span> 
     </span>
    </p>

    <p class='ocr_par' dir='ltr' id='par_1_7' title="bbox 173 1645 1454 2573">
     <span class='ocr_line' id='line_1_11' title="bbox 219 1645 1449 1736; baseline -0.006 -20"><span class='ocrx_word' id='word_1_73' title='bbox 219 1656 238 1734; x_wconf 68' lang='grc' dir='ltr'>ξ</span> <span class='ocrx_word' id='word_1_74' title='bbox 264 1653 294 1716; x_wconf 74' lang='lat' dir='ltr'><strong>l.</strong></span> <span class='ocrx_word' id='word_1_75' title='bbox 326 1650 419 1736; x_wconf 85' lang='lat' dir='ltr'><strong>Vulg.</strong></span> <span class='ocrx_word' id='word_1_76' title='bbox 448 1650 546 1717; x_wconf 82' lang='grc' dir='ltr'><em>οὔκουν</em></span> <span class='ocrx_word' id='word_1_77' title='bbox 568 1651 662 1732; x_wconf 62' lang='lat' dir='ltr'><strong>{curci</strong></span> <span class='ocrx_word' id='word_1_78' title='bbox 685 1674 723 1728; x_wconf 73' lang='lat' dir='ltr'><strong>ys</strong></span> <span class='ocrx_word' id='word_1_79' title='bbox 743 1657 798 1715; x_wconf 77' lang='grc' dir='ltr'><strong>τῶν</strong></span> <span class='ocrx_word' id='word_1_80' title='bbox 831 1651 880 1714; x_wconf 81' lang='grc' dir='ltr'><strong>ὑπ’</strong></span> <span class='ocrx_word' id='word_1_81' title='bbox 905 1649 1095 1728; x_wconf 72' lang='grc' dir='ltr'><em>’Λλκνβνὲδσν</em></span> <span class='ocrx_word' id='word_1_82' title='bbox 1122 1648 1186 1714; x_wconf 75' lang='lat' dir='ltr'><strong>nal</strong></span> <span class='ocrx_word' id='word_1_83' title='bbox 1211 1649 1240 1712; x_wconf 87' lang='grc' dir='ltr'><strong>ἕν</strong></span> <span class='ocrx_word' id='word_1_84' title='bbox 1261 1648 1302 1728; x_wconf 80' lang='grc' dir='ltr'><strong><em>σῷ</em></strong></span> <span class='ocrx_word' id='word_1_85' title='bbox 1326 1645 1449 1725; x_wconf 71' lang='grc' dir='ltr'><em>παρόντι</em></span> 
     </span>
     <span class='ocr_line' id='line_1_12' title="bbox 179 1765 1450 1854; baseline -0.005 -18"><span class='ocrx_word' id='word_1_86' title='bbox 179 1771 383 1853; x_wconf 74' lang='grc' dir='ltr'><em>πρασσομένων</em></span> <span class='ocrx_word' id='word_1_87' title='bbox 401 1770 529 1849; x_wconf 65' lang='grc' dir='ltr'><em>ἀρέσκειν</em></span> <span class='ocrx_word' id='word_1_88' title='bbox 551 1770 637 1836; x_wconf 78' lang='grc' dir='ltr'><em>οὐδέν.</em></span> <span class='ocrx_word' id='word_1_89' title='bbox 673 1769 725 1836; x_wconf 85' lang='lat' dir='ltr'><strong>Sic</strong></span> <span class='ocrx_word' id='word_1_90' title='bbox 748 1791 876 1854; x_wconf 87' lang='lat' dir='ltr'><strong>quoque</strong></span> <span class='ocrx_word' id='word_1_91' title='bbox 899 1769 937 1835; x_wconf 88' lang='lat' dir='ltr'><strong>B.</strong></span> <span class='ocrx_word' id='word_1_92' title='bbox 973 1768 1036 1835; x_wconf 82' lang='lat' dir='ltr'><strong>Sed</strong></span> <span class='ocrx_word' id='word_1_93' title='bbox 1059 1770 1087 1833; x_wconf 85' lang='grc' dir='ltr'><strong>ἕν</strong></span> <span class='ocrx_word' id='word_1_94' title='bbox 1111 1770 1151 1851; x_wconf 77' lang='grc' dir='ltr'><strong>τῷ</strong></span> <span class='ocrx_word' id='word_1_95' title='bbox 1173 1765 1293 1848; x_wconf 68' lang='lat' dir='ltr'><strong>carduus</strong></span> <span class='ocrx_word' id='word_1_96' title='bbox 1317 1789 1450 1847; x_wconf 80' lang='grc' dir='ltr'><em>σρσνσσσ-</em></span> 
     </span>
     <span class='ocr_line' id='line_1_13' title="bbox 177 1885 1451 1975; baseline -0.005 -19"><span class='ocrx_word' id='word_1_97' title='bbox 177 1892 268 1971; x_wconf 79' lang='grc' dir='ltr'><em>μένων</em></span> <span class='ocrx_word' id='word_1_98' title='bbox 303 1890 523 1975; x_wconf 88' lang='lat' dir='ltr'><strong>accipiendum</strong></span> <span class='ocrx_word' id='word_1_99' title='bbox 546 1895 597 1956; x_wconf 86' lang='lat' dir='ltr'><strong>est</strong></span> <span class='ocrx_word' id='word_1_100' title='bbox 628 1891 667 1956; x_wconf 92' lang='lat' dir='ltr'><strong>de</strong></span> <span class='ocrx_word' id='word_1_101' title='bbox 689 1889 805 1972; x_wconf 86' lang='lat' dir='ltr'><strong>rebus,</strong></span> <span class='ocrx_word' id='word_1_102' title='bbox 830 1900 916 1974; x_wconf 88' lang='lat' dir='ltr'><strong>&#39;qnae</strong></span> <span class='ocrx_word' id='word_1_103' title='bbox 938 1889 1103 1956; x_wconf 82' lang='lat' dir='ltr'><strong>Alcibiade</strong></span> <span class='ocrx_word' id='word_1_104' title='bbox 1128 1895 1261 1956; x_wconf 89' lang='lat' dir='ltr'><strong>auctore</strong></span> <span class='ocrx_word' id='word_1_105' title='bbox 1283 1885 1339 1952; x_wconf 93' lang='lat' dir='ltr'><strong>illo</strong></span> <span class='ocrx_word' id='word_1_106' title='bbox 1365 1890 1451 1952; x_wconf 86' lang='lat' dir='ltr'><strong>tem-</strong></span> 
     </span>
     <span class='ocr_line' id='line_1_14' title="bbox 178 2007 1452 2096; baseline -0.005 -19"><span class='ocrx_word' id='word_1_107' title='bbox 178 2031 256 2096; x_wconf 90' lang='lat' dir='ltr'><strong>pore</strong></span> <span class='ocrx_word' id='word_1_108' title='bbox 279 2010 401 2076; x_wconf 84' lang='lat' dir='ltr'><strong>fiebant</strong></span> <span class='ocrx_word' id='word_1_109' title='bbox 424 2031 527 2095; x_wconf 90' lang='lat' dir='ltr'><strong>neque</strong></span> <span class='ocrx_word' id='word_1_110' title='bbox 550 2017 658 2077; x_wconf 86' lang='lat' dir='ltr'><strong>tamen</strong></span> <span class='ocrx_word' id='word_1_111' title='bbox 675 2011 714 2077; x_wconf 93' lang='lat' dir='ltr'><strong>de</strong></span> <span class='ocrx_word' id='word_1_112' title='bbox 730 2011 784 2089; x_wconf 90' lang='lat' dir='ltr'><strong>iis,</strong></span> <span class='ocrx_word' id='word_1_113' title='bbox 800 2015 883 2096; x_wconf 85' lang='lat' dir='ltr'><strong>quae</strong></span> <span class='ocrx_word' id='word_1_114' title='bbox 899 2010 1131 2096; x_wconf 87' lang='lat' dir='ltr'><strong>aprinoipibus</strong></span> <span class='ocrx_word' id='word_1_115' title='bbox 1148 2009 1235 2077; x_wconf 89' lang='lat' dir='ltr'><strong>Sami</strong></span> <span class='ocrx_word' id='word_1_116' title='bbox 1250 2007 1452 2093; x_wconf 84' lang='lat' dir='ltr'><strong>agebantur:</strong></span> 
     </span>
     <span class='ocr_line' id='line_1_15' title="bbox 178 2128 1453 2216; baseline -0.005 -20"><span class='ocrx_word' id='word_1_117' title='bbox 178 2128 365 2196; x_wconf 88' lang='lat' dir='ltr'><strong>addendum</strong></span> <span class='ocrx_word' id='word_1_118' title='bbox 396 2131 481 2196; x_wconf 92' lang='lat' dir='ltr'><strong>enim</strong></span> <span class='ocrx_word' id='word_1_119' title='bbox 512 2136 582 2196; x_wconf 87' lang='lat' dir='ltr'><strong>erat</strong></span> <span class='ocrx_word' id='word_1_120' title='bbox 609 2153 740 2214; x_wconf 91' lang='lat' dir='ltr'><strong>nomen,</strong></span> <span class='ocrx_word' id='word_1_121' title='bbox 773 2131 858 2199; x_wconf 90' lang='lat' dir='ltr'><strong>unde</strong></span> <span class='ocrx_word' id='word_1_122' title='bbox 889 2131 950 2198; x_wconf 93' lang='lat' dir='ltr'><strong>hoc</strong></span> <span class='ocrx_word' id='word_1_123' title='bbox 982 2136 1167 2216; x_wconf 85' lang='lat' dir='ltr'><strong>appareret,</strong></span> <span class='ocrx_word' id='word_1_124' title='bbox 1197 2130 1291 2196; x_wconf 87' lang='lat' dir='ltr'><strong>utin</strong></span> <span class='ocrx_word' id='word_1_125' title='bbox 1312 2132 1370 2192; x_wconf 77' lang='grc' dir='ltr'><strong>τῶν</strong></span> <span class='ocrx_word' id='word_1_126' title='bbox 1399 2128 1453 2192; x_wconf 74' lang='grc' dir='ltr'><strong>ὑπ’</strong></span> 
     </span>
     <span class='ocr_line' id='line_1_16' title="bbox 179 2248 1453 2342; baseline -0.001 -28"><span class='ocrx_word' id='word_1_127' title='bbox 179 2250 366 2342; x_wconf 76' lang='grc' dir='ltr'><em>Λλκνβινὲδσν.</em></span> <span class='ocrx_word' id='word_1_128' title='bbox 403 2248 545 2315; x_wconf 86' lang='lat' dir='ltr'><strong>Stahlius</strong></span> <span class='ocrx_word' id='word_1_129' title='bbox 573 2251 642 2334; x_wconf 93' lang='lat' dir='ltr'><strong>jam</strong></span> <span class='ocrx_word' id='word_1_130' title='bbox 675 2250 754 2316; x_wconf 84' lang='lat' dir='ltr'><strong>vidit</strong></span> <span class='ocrx_word' id='word_1_131' title='bbox 785 2250 928 2330; x_wconf 88' lang='lat' dir='ltr'><strong>Vallam,</strong></span> <span class='ocrx_word' id='word_1_132' title='bbox 957 2273 1009 2317; x_wconf 89' lang='lat' dir='ltr'><strong>me</strong></span> <span class='ocrx_word' id='word_1_133' title='bbox 1031 2251 1160 2335; x_wconf 89' lang='lat' dir='ltr'><strong>quidem</strong></span> <span class='ocrx_word' id='word_1_134' title='bbox 1184 2249 1290 2334; x_wconf 88' lang='lat' dir='ltr'><strong>judice</strong></span> <span class='ocrx_word' id='word_1_135' title='bbox 1313 2248 1453 2328; x_wconf 87' lang='lat' dir='ltr'><strong>merito,</strong></span> 
     </span>
     <span class='ocr_line' id='line_1_17' title="bbox 173 2367 1454 2455; baseline 0 -21"><span class='ocrx_word' id='word_1_136' title='bbox 173 2370 319 2435; x_wconf 88' lang='lat' dir='ltr'><strong>omittere</strong></span> <span class='ocrx_word' id='word_1_137' title='bbox 342 2369 393 2432; x_wconf 78' lang='lat' dir='ltr'><strong>ccl</strong></span> <span class='ocrx_word' id='word_1_138' title='bbox 401 2393 408 2430; x_wconf 73' lang='grc' dir='ltr'><strong>ε</strong></span> <span class='ocrx_word' id='word_1_139' title='bbox 432 2368 568 2453; x_wconf 90' lang='lat' dir='ltr'><strong>ideoque</strong></span> <span class='ocrx_word' id='word_1_140' title='bbox 585 2369 663 2434; x_wconf 91' lang='lat' dir='ltr'><strong>nihil</strong></span> <span class='ocrx_word' id='word_1_141' title='bbox 679 2391 790 2436; x_wconf 87' lang='lat' dir='ltr'><strong>eorum</strong></span> <span class='ocrx_word' id='word_1_142' title='bbox 807 2390 890 2453; x_wconf 90' lang='lat' dir='ltr'><strong>quae</strong></span> <span class='ocrx_word' id='word_1_143' title='bbox 906 2370 1205 2455; x_wconf 82' lang='lat' dir='ltr'><strong>impraesentiarum</strong></span> <span class='ocrx_word' id='word_1_144' title='bbox 1221 2367 1262 2433; x_wconf 91' lang='lat' dir='ltr'><strong>ab</strong></span> <span class='ocrx_word' id='word_1_145' title='bbox 1279 2367 1454 2434; x_wconf 83' lang='lat' dir='ltr'><strong>Alcibiade</strong></span> 
     </span>
     <span class='ocr_line' id='line_1_18' title="bbox 174 2489 376 2573; baseline 0 -19"><span class='ocrx_word' id='word_1_146' title='bbox 174 2489 376 2573; x_wconf 82' lang='lat' dir='ltr'><strong>agerentur”.</strong></span> 
     </span>
    </p>
   </div>
   <div class='ocr_carea' id='block_1_6' title="bbox 172 2723 1452 3409">
    <p class='ocr_par' dir='ltr' id='par_1_8' title="bbox 172 2723 1452 3409">
     <span class='ocr_line' id='line_1_19' title="bbox 218 2723 1451 2811; baseline -0.002 -18"><span class='ocrx_word' id='word_1_147' title='bbox 218 2727 323 2811; x_wconf 75' lang='lat' dir='ltr'><strong>eaput</strong></span> <span class='ocrx_word' id='word_1_148' title='bbox 346 2728 389 2792; x_wconf 88' lang='grc'><strong>49</strong></span> <span class='ocrx_word' id='word_1_149' title='bbox 413 2733 433 2809; x_wconf 66' lang='grc' dir='ltr'>ξ</span> <span class='ocrx_word' id='word_1_150' title='bbox 460 2729 487 2793; x_wconf 93' lang='lat' dir='ltr'><strong>l.</strong></span> <span class='ocrx_word' id='word_1_151' title='bbox 519 2727 635 2793; x_wconf 80' lang='lat' dir='ltr'><strong>Omnes</strong></span> <span class='ocrx_word' id='word_1_152' title='bbox 662 2727 736 2792; x_wconf 88' lang='lat' dir='ltr'><strong>libri</strong></span> <span class='ocrx_word' id='word_1_153' title='bbox 759 2729 783 2792; x_wconf 85' lang='lat' dir='ltr'><strong>ci</strong></span> <span class='ocrx_word' id='word_1_154' title='bbox 807 2726 836 2791; x_wconf 77' lang='grc' dir='ltr'><strong>δὲ</strong></span> <span class='ocrx_word' id='word_1_155' title='bbox 859 2725 1054 2805; x_wconf 67' lang='grc' dir='ltr'><strong>ξυλλεγέντες</strong></span> <span class='ocrx_word' id='word_1_156' title='bbox 1077 2733 1134 2792; x_wconf 80' lang='grc' dir='ltr'><strong>τῶν</strong></span> <span class='ocrx_word' id='word_1_157' title='bbox 1156 2727 1186 2791; x_wconf 78' lang='grc' dir='ltr'><strong>ἐν</strong></span> <span class='ocrx_word' id='word_1_158' title='bbox 1208 2735 1245 2808; x_wconf 70' lang='grc' dir='ltr'><strong>τῇ</strong></span> <span class='ocrx_word' id='word_1_159' title='bbox 1269 2723 1451 2810; x_wconf 70' lang='grc' dir='ltr'><strong><em>ξυμμαχίᾳ.</em></strong></span> 
     </span>
     <span class='ocr_line' id='line_1_20' title="bbox 175 2845 1452 2931; baseline 0.001 -19"><span class='ocrx_word' id='word_1_160' title='bbox 175 2845 339 2913; x_wconf 82' lang='lat' dir='ltr'><strong>Haaclrius</strong></span> <span class='ocrx_word' id='word_1_161' title='bbox 363 2854 457 2913; x_wconf 87' lang='lat' dir='ltr'><strong>acute</strong></span> <span class='ocrx_word' id='word_1_162' title='bbox 481 2846 620 2914; x_wconf 87' lang='lat' dir='ltr'><strong>correxit</strong></span> <span class='ocrx_word' id='word_1_163' title='bbox 641 2846 814 2928; x_wconf 71' lang='grc' dir='ltr'><em>ξυνωμοσίᾳ.</em></span> <span class='ocrx_word' id='word_1_164' title='bbox 851 2846 937 2912; x_wconf 91' lang='lat' dir='ltr'><strong>Nihil</strong></span> <span class='ocrx_word' id='word_1_165' title='bbox 961 2848 1039 2914; x_wconf 88' lang='lat' dir='ltr'><strong>certi</strong></span> <span class='ocrx_word' id='word_1_166' title='bbox 1061 2846 1165 2931; x_wconf 83' lang='lat' dir='ltr'><strong>liquet</strong></span> <span class='ocrx_word' id='word_1_167' title='bbox 1188 2867 1227 2912; x_wconf 87' lang='lat' dir='ltr'><strong>ex</strong></span> <span class='ocrx_word' id='word_1_168' title='bbox 1242 2845 1354 2922; x_wconf 87' lang='lat' dir='ltr'><strong>Valla,</strong></span> <span class='ocrx_word' id='word_1_169' title='bbox 1371 2846 1452 2913; x_wconf 87' lang='lat' dir='ltr'><strong>licet</strong></span> 
     </span>
     <span class='ocr_line' id='line_1_21' title="bbox 173 2965 1451 3051; baseline 0.001 -21"><span class='ocrx_word' id='word_1_170' title='bbox 173 2966 240 3032; x_wconf 85' lang='lat' dir='ltr'><strong>lere</strong></span> <span class='ocrx_word' id='word_1_171' title='bbox 271 2965 425 3032; x_wconf 91' lang='lat' dir='ltr'><strong>librorum</strong></span> <span class='ocrx_word' id='word_1_172' title='bbox 458 2968 635 3051; x_wconf 85' lang='lat' dir='ltr'><strong>scripturae</strong></span> <span class='ocrx_word' id='word_1_173' title='bbox 667 2967 835 3033; x_wconf 90' lang='lat' dir='ltr'><strong>concinere</strong></span> <span class='ocrx_word' id='word_1_174' title='bbox 869 2967 1029 3033; x_wconf 82' lang='lat' dir='ltr'><strong>videatur:</strong></span> <span class='ocrx_word' id='word_1_175' title='bbox 1064 2967 1106 3046; x_wconf 88' lang='lat' dir='ltr'><strong>„ii</strong></span> <span class='ocrx_word' id='word_1_176' title='bbox 1136 2973 1244 3032; x_wconf 87' lang='lat' dir='ltr'><strong>tamen</strong></span> <span class='ocrx_word' id='word_1_177' title='bbox 1280 2965 1336 3048; x_wconf 90' lang='lat' dir='ltr'><strong>qui</strong></span> <span class='ocrx_word' id='word_1_178' title='bbox 1372 2986 1451 3031; x_wconf 91' lang='lat' dir='ltr'><strong>con·</strong></span> 
     </span>
     <span class='ocr_line' id='line_1_22' title="bbox 172 3083 1451 3169; baseline 0.002 -21"><span class='ocrx_word' id='word_1_179' title='bbox 172 3085 298 3168; x_wconf 80' lang='lat' dir='ltr'><strong>gregati</strong></span> <span class='ocrx_word' id='word_1_180' title='bbox 328 3085 362 3149; x_wconf 91' lang='lat' dir='ltr'><strong>in</strong></span> <span class='ocrx_word' id='word_1_181' title='bbox 394 3085 548 3151; x_wconf 86' lang='lat' dir='ltr'><strong>societate</strong></span> <span class='ocrx_word' id='word_1_182' title='bbox 572 3085 648 3151; x_wconf 90' lang='lat' dir='ltr'><strong>belli</strong></span> <span class='ocrx_word' id='word_1_183' title='bbox 670 3085 793 3153; x_wconf 85' lang='lat' dir='ltr'><strong>erant&#39;&#39;.</strong></span> <span class='ocrx_word' id='word_1_184' title='bbox 840 3085 1040 3169; x_wconf 81' lang='lat' dir='ltr'><strong>Quamquam</strong></span> <span class='ocrx_word' id='word_1_185' title='bbox 1063 3086 1222 3150; x_wconf 81' lang='lat' dir='ltr'><strong>interdum</strong></span> <span class='ocrx_word' id='word_1_186' title='bbox 1246 3083 1335 3168; x_wconf 88' lang='lat' dir='ltr'><strong>apud</strong></span> <span class='ocrx_word' id='word_1_187' title='bbox 1360 3084 1451 3150; x_wconf 80' lang='lat' dir='ltr'><strong>Thu-</strong></span> 
     </span>
     <span class='ocr_line' id='line_1_23' title="bbox 172 3203 1451 3289; baseline 0.002 -21"><span class='ocrx_word' id='word_1_188' title='bbox 172 3203 316 3288; x_wconf 86' lang='lat' dir='ltr'><strong>cydidem</strong></span> <span class='ocrx_word' id='word_1_189' title='bbox 338 3204 502 3280; x_wconf 78' lang='grc' dir='ltr'><em>ξυνωμοσίσ</em></span> <span class='ocrx_word' id='word_1_190' title='bbox 525 3210 715 3288; x_wconf 89' lang='lat' dir='ltr'><strong>usurpatum</strong></span> <span class='ocrx_word' id='word_1_191' title='bbox 738 3211 788 3270; x_wconf 84' lang='lat' dir='ltr'><strong>est</strong></span> <span class='ocrx_word' id='word_1_192' title='bbox 811 3203 850 3270; x_wconf 92' lang='lat' dir='ltr'><strong>de</strong></span> <span class='ocrx_word' id='word_1_193' title='bbox 874 3204 1027 3271; x_wconf 89' lang='lat' dir='ltr'><strong>societate</strong></span> <span class='ocrx_word' id='word_1_194' title='bbox 1047 3207 1079 3289; x_wconf 90' lang='lat'><strong>¹).</strong></span> <span class='ocrx_word' id='word_1_195' title='bbox 1107 3205 1232 3270; x_wconf 85' lang='lat' dir='ltr'><strong>Fierine</strong></span> <span class='ocrx_word' id='word_1_196' title='bbox 1256 3209 1385 3288; x_wconf 89' lang='lat' dir='ltr'><strong>potest,</strong></span> <span class='ocrx_word' id='word_1_197' title='bbox 1412 3213 1451 3272; x_wconf 88' lang='lat' dir='ltr'><strong>ut</strong></span> 
     </span>
     <span class='ocr_line' id='line_1_24' title="bbox 172 3321 1123 3409; baseline 0.001 -22"><span class='ocrx_word' id='word_1_198' title='bbox 172 3343 190 3387; x_wconf 91' lang='lat' dir='ltr'><strong>e</strong></span> <span class='ocrx_word' id='word_1_199' title='bbox 213 3323 374 3388; x_wconf 86' lang='lat' dir='ltr'><strong>contrario</strong></span> <span class='ocrx_word' id='word_1_200' title='bbox 397 3322 450 3389; x_wconf 90' lang='lat' dir='ltr'><strong>hic</strong></span> <span class='ocrx_word' id='word_1_201' title='bbox 473 3321 640 3404; x_wconf 73' lang='grc' dir='ltr'><strong>ξυμμαχία</strong></span> <span class='ocrx_word' id='word_1_202' title='bbox 664 3322 793 3391; x_wconf 86' lang='lat' dir='ltr'><strong>dicatur</strong></span> <span class='ocrx_word' id='word_1_203' title='bbox 817 3325 858 3390; x_wconf 89' lang='lat' dir='ltr'><strong>de</strong></span> <span class='ocrx_word' id='word_1_204' title='bbox 881 3325 1123 3409; x_wconf 81' lang='lat' dir='ltr'><strong>conjuratione?</strong></span> 
     </span>
    </p>
   </div>
   <div class='ocr_carea' id='block_1_7' title="bbox 172 3560 1448 4121">
    <p class='ocr_par' dir='ltr' id='par_1_9' title="bbox 172 3560 1448 3767">
     <span class='ocr_line' id='line_1_25' title="bbox 218 3560 1448 3652; baseline 0.003 -26"><span class='ocrx_word' id='word_1_205' title='bbox 218 3561 323 3647; x_wconf 82' lang='lat' dir='ltr'><strong>Caput</strong></span> <span class='ocrx_word' id='word_1_206' title='bbox 346 3560 436 3652; x_wconf 75' lang='grc' dir='ltr'><strong>5οξ</strong></span> <span class='ocrx_word' id='word_1_207' title='bbox 463 3565 489 3628; x_wconf 92' lang='grc'><strong>1.</strong></span> <span class='ocrx_word' id='word_1_208' title='bbox 521 3562 612 3647; x_wconf 87' lang='lat' dir='ltr'><strong>Vulg.</strong></span> <span class='ocrx_word' id='word_1_209' title='bbox 646 3571 701 3629; x_wconf 75' lang='grc' dir='ltr'><strong>τῶν</strong></span> <span class='ocrx_word' id='word_1_210' title='bbox 731 3566 893 3646; x_wconf 76' lang='grc' dir='ltr'><em>λεχθέντων</em></span> <span class='ocrx_word' id='word_1_211' title='bbox 925 3565 977 3645; x_wconf 76' lang='grc' dir='ltr'><strong>ὑφ’</strong></span> <span class='ocrx_word' id='word_1_212' title='bbox 1002 3565 1109 3651; x_wconf 73' lang='grc' dir='ltr'><em>αὑτοῦ,</em></span> <span class='ocrx_word' id='word_1_213' title='bbox 1142 3569 1241 3628; x_wconf 81' lang='grc' dir='ltr'><strong>Βσῶν</strong></span> <span class='ocrx_word' id='word_1_214' title='bbox 1267 3564 1319 3646; x_wconf 74' lang='grc' dir='ltr'><strong>ὑφ’</strong></span> <span class='ocrx_word' id='word_1_215' title='bbox 1354 3565 1448 3630; x_wconf 74' lang='grc' dir='ltr'><em>αὑτοῦ</em></span> 
     </span>
     <span class='ocr_line' id='line_1_26' title="bbox 172 3681 1264 3767; baseline 0 -20"><span class='ocrx_word' id='word_1_216' title='bbox 172 3684 341 3764; x_wconf 72' lang='grc' dir='ltr'><em>λεχθέντων.</em></span> <span class='ocrx_word' id='word_1_217' title='bbox 377 3681 486 3748; x_wconf 87' lang='lat' dir='ltr'><strong>Valla:</strong></span> <span class='ocrx_word' id='word_1_218' title='bbox 514 3703 617 3767; x_wconf 88' lang='lat' dir='ltr'><strong>„quae</strong></span> <span class='ocrx_word' id='word_1_219' title='bbox 642 3703 662 3748; x_wconf 90' lang='lat' dir='ltr'><strong>a</strong></span> <span class='ocrx_word' id='word_1_220' title='bbox 684 3705 718 3749; x_wconf 91' lang='lat' dir='ltr'><strong>se</strong></span> <span class='ocrx_word' id='word_1_221' title='bbox 740 3685 773 3749; x_wconf 92' lang='lat' dir='ltr'><strong>in</strong></span> <span class='ocrx_word' id='word_1_222' title='bbox 797 3684 991 3750; x_wconf 88' lang='lat' dir='ltr'><strong>contrarium</strong></span> <span class='ocrx_word' id='word_1_223' title='bbox 1017 3684 1110 3751; x_wconf 84' lang='lat' dir='ltr'><strong>dicta</strong></span> <span class='ocrx_word' id='word_1_224' title='bbox 1126 3684 1264 3750; x_wconf 86' lang='lat' dir='ltr'><strong>essent&#39;’.</strong></span> 
     </span>
    </p>

    <p class='ocr_par' dir='ltr' id='par_1_10' title="bbox 217 3800 1090 3890">
     <span class='ocr_line' id='line_1_27' title="bbox 217 3800 1090 3890; baseline 0.006 -25"><span class='ocrx_word' id='word_1_225' title='bbox 217 3801 297 3866; x_wconf 92' lang='lat' dir='ltr'><strong>Ibid.</strong></span> <span class='ocrx_word' id='word_1_226' title='bbox 322 3800 413 3885; x_wconf 79' lang='lat' dir='ltr'><strong>l&#39;ulg.</strong></span> <span class='ocrx_word' id='word_1_227' title='bbox 438 3801 480 3877; x_wconf 74' lang='grc' dir='ltr'><strong>ἦν.</strong></span> <span class='ocrx_word' id='word_1_228' title='bbox 504 3814 526 3866; x_wconf 89' lang='grc' dir='ltr'><strong>Β</strong></span> <span class='ocrx_word' id='word_1_229' title='bbox 551 3804 566 3879; x_wconf 73' lang='grc' dir='ltr'><em>ᾗ</em></span> <span class='ocrx_word' id='word_1_230' title='bbox 589 3802 635 3880; x_wconf 73' lang='grc' dir='ltr'><strong>ἄν,</strong></span> <span class='ocrx_word' id='word_1_231' title='bbox 661 3825 840 3890; x_wconf 88' lang='lat' dir='ltr'><strong>perperam.</strong></span> <span class='ocrx_word' id='word_1_232' title='bbox 877 3803 988 3869; x_wconf 88' lang='lat' dir='ltr'><strong>Valla:</strong></span> <span class='ocrx_word' id='word_1_233' title='bbox 1015 3803 1090 3885; x_wconf 86' lang='lat' dir='ltr'><strong>„si’‘.</strong></span> 
     </span>
    </p>

    <p class='ocr_par' dir='ltr' id='par_1_11' title="bbox 174 3919 1443 4121">
     <span class='ocr_line' id='line_1_28' title="bbox 217 3919 1443 4004; baseline 0.004 -20"><span class='ocrx_word' id='word_1_234' title='bbox 217 3925 237 4003; x_wconf 67' lang='grc' dir='ltr'>ξ</span> <span class='ocrx_word' id='word_1_235' title='bbox 261 3923 290 3985; x_wconf 87' lang='grc'><strong>2.</strong></span> <span class='ocrx_word' id='word_1_236' title='bbox 315 3919 407 4003; x_wconf 87' lang='lat' dir='ltr'><strong>Vulg.</strong></span> <span class='ocrx_word' id='word_1_237' title='bbox 432 3920 479 3984; x_wconf 80' lang='grc' dir='ltr'><strong>τὸν</strong></span> <span class='ocrx_word' id='word_1_238' title='bbox 503 3925 558 3984; x_wconf 80' lang='grc' dir='ltr'><strong>τῶν</strong></span> <span class='ocrx_word' id='word_1_239' title='bbox 580 3923 815 3999; x_wconf 72' lang='grc' dir='ltr'><em>Λακεδαιμονίων</em></span> <span class='ocrx_word' id='word_1_240' title='bbox 838 3923 995 4004; x_wconf 61' lang='lat' dir='ltr'><strong>vademur.</strong></span> <span class='ocrx_word' id='word_1_241' title='bbox 1031 3924 1067 3989; x_wconf 91' lang='grc' dir='ltr'><strong>Β.</strong></span> <span class='ocrx_word' id='word_1_242' title='bbox 1093 3923 1300 3989; x_wconf 66' lang='grc'><strong>0111111111.</strong></span> <span class='ocrx_word' id='word_1_243' title='bbox 1328 3922 1443 3990; x_wconf 84' lang='lat' dir='ltr'><strong>Valla:</strong></span> 
     </span>
     <span class='ocr_line' id='line_1_29' title="bbox 174 4038 776 4121; baseline 0.01 -17"><span class='ocrx_word' id='word_1_244' title='bbox 174 4038 520 4121; x_wconf 86' lang='lat' dir='ltr'><strong>„Lacedaemoniorum</strong></span> <span class='ocrx_word' id='word_1_245' title='bbox 544 4041 776 4110; x_wconf 88' lang='lat' dir='ltr'><strong>nauarchum’‘.</strong></span> 
     </span>
    </p>
   </div>
   <div class='ocr_carea' id='block_1_8' title="bbox 175 4264 420 4274">
    <p class='ocr_par' dir='ltr' id='par_1_12' title="bbox 175 4264 420 4274">
     <span class='ocr_line' id='line_1_30' title="bbox 175 4264 420 4274; baseline -0.008 -1"><span class='ocrx_word' id='word_1_246' title='bbox 175 4264 420 4274; x_wconf 79' lang='grc'><strong>-...-----</strong></span> 
     </span>
    </p>
   </div>
   <div class='ocr_carea' id='block_1_9' title="bbox 205 4413 579 4480">
    <p class='ocr_par' dir='ltr' id='par_1_13' title="bbox 205 4413 579 4480">
     <span class='ocr_line' id='line_1_31' title="bbox 205 4413 579 4480; baseline 0.003 -15"><span class='ocrx_word' id='word_1_247' title='bbox 205 4415 233 4480; x_wconf 85' lang='grc'><strong>1)</strong></span> <span class='ocrx_word' id='word_1_248' title='bbox 251 4416 283 4466; x_wconf 77' lang='lat' dir='ltr'><strong>cr.</strong></span> <span class='ocrx_word' id='word_1_249' title='bbox 302 4416 339 4464; x_wconf 91' lang='grc'><strong>111</strong></span> <span class='ocrx_word' id='word_1_250' title='bbox 358 4415 473 4479; x_wconf 71' lang='grc'><strong>1111111)</strong></span> <span class='ocrx_word' id='word_1_251' title='bbox 492 4413 520 4465; x_wconf 87' lang='lat' dir='ltr'><strong>v.</strong></span> <span class='ocrx_word' id='word_1_252' title='bbox 538 4413 579 4467; x_wconf 83' lang='lat'><strong>83.</strong></span> 
     </span>
    </p>
   </div>
   <div class='ocr_carea' id='block_1_10' title="bbox 0 0 1504 4920">
    <p class='ocr_par' dir='ltr' id='par_1_14' title="bbox 0 0 1504 4920">
     <span class='ocr_line' id='line_1_32' title="bbox 0 0 1504 4920; baseline 0 0"><span class='ocrx_word' id='word_1_253' title='bbox 0 0 1504 4920; x_wconf 95' lang='lat' dir='ltr'><strong> </strong></span> 
     </span>
    </p>
   </div>
  </div>
 </body>
</html>
