3000 4920
793 326 857 400 106

230 575 308 655 52.
331 570 424 658 ang.
445 575 620 638 ε’τεωεῖτσ
642 575 715 653 γάρ
737 574 843 645 αὐτοὺς
865 575 880 638 ὅ
902 570 1103 652 Φαρνάβαζος.
1129 581 1152 635 Β
1176 593 1215 635 τε
1237 566 1317 648 γάρ.
1351 549 1450 630 Nulla

184 700 236 757 est
265 713 385 776 cansa,
415 713 474 758 cnr
495 692 638 758 addatur
660 692 842 776 particula,
871 711 957 776 quae
983 710 1048 757 non
1069 693 1175 756 exstat
1195 685 1281 772 apud
1303 682 1448 750 Vallam:

187 809 406 888 „Evocarerat
427 811 514 876 enim
536 831 592 877 eos
615 809 877 877 Pharnabaaue’l

228 929 308 995 lbid
333 927 425 1014 l'nlg.
447 930 480 993 αἱ
501 932 639 1008 πλείοις,
662 928 690 993 Β
712 949 862 1014 perverse
883 930 916 994 al
939 928 969 993 lt
991 928 1116 1000 πλείονι.

226 1164 334 1250 Caput
355 1165 397 1230 81
414 1163 440 1254 ξ
458 1168 486 1231 l.
510 1165 606 1251 ang.
628 1167 678 1231 άεί
698 1192 733 1231 τε
756 1175 809 1241 τῆς
831 1169 946 1232 αὑτοῦ
969 1165 1029 1250 (vel
1050 1162 1177 1248 αὑτοῦ)
1199 1160 1317 1240 γνώμης
1341 1159 1450 1238 ἕχδμὲ·

181 1307 243 1363 νος;
266 1295 289 1347 Β
312 1284 361 1347 a}
382 1309 416 1347 τε
440 1291 492 1355 τῆς
516 1286 632 1359 αὐτῆς
654 1285 774 1362 γνώμης
798 1285 956 1366 ἐχόμενος,
979 1283 1086 1368 potior
1106 1277 1450 1367 propler‘gravitalem

181 1400 287 1468 lectio.
322 1401 395 1468 Non
425 1401 609 1468 faciendum
639 1410 719 1488 pute
750 1425 823 1469 cum
848 1403 991 1484 Stahlio,
1012 1403 1069 1489 qui
1090 1398 1203 1468 scribit
1223 1399 1270 1462 άεί
1292 1420 1350 1477 νος
1375 1399 1452 1481 apte

181 1522 265 1585 enim
299 1520 480 1605 particulae
517 1522 692 1606 opponitur
721 1522 772 1586 καὶ
795 1523 891 1596 τέλος.
927 1521 1021 1589 Valla
1044 1541 1115 1587 cnm
1136 1519 1182 1584 B:
1208 1537 1301 1600 „cum
1325 1533 1453 1599 semper

181 1639 264 1704 alias
379 1639 414 1704 in
436 1639 574 1707 eadem
596 1641 758 1707 sententia
778 1641 873 1708 fuit''.

225 1755 309 1822 Ibid.
332 1756 424 1840 Vulg.
452 1757 529 1821 ὥστε
557 1759 743 1834 κατάγειν
775 1757 1028 1844 Ἀλκιβιάδην,
1060 1769 1082 1822 Β
1109 1755 1182 1821 ὥστε
1205 1757 1453 1831 καταγαγεῖν

181 1876 243 1940 τὸν
275 1875 532 1951 Ἀλκιβιάδην.
578 1877 624 1944 Ul
652 1876 693 1943 de
723 1876 860 1944 articulo
882 1876 962 1942 nihil
986 1874 1138 1942 definiam
1161 1873 1195 1939 in
1217 1872 1338 1939 aoristo
1362 1869 1454 1937 Vali-

184 2015 300 2061 canum
332 1995 424 2078 sequi
454 1995 553 2061 nolim
560 2023 571 2074 ;
601 1996 752 2080 equidem
773 1996 815 2063 de
836 1995 958 2063 infelici
981 1994 1178 2063 correctione
1199 1991 1315 2078 cogito.
1343 1989 1451 2057 Valla:
1494 2086 1496 2093 Ι

185 2119 242 2193 „ut
265 2113 466 2179 Alcibiadem
488 2116 687 2183 revocaret''.
1494 2102 1496 2173 j

228 2232 310 2298 Ibid.
324 2233 417 2317 Vulg.
432 2232 603 2300 librorum
618 2234 781 2319 plerique,
797 2236 896 2302 etiam
910 2235 949 2304 Β.
967 2235 1121 2300 ἔπεισαν
1138 2231 1222 2299 male
1237 2251 1298 2317 pro
1316 2230 1449 2306 ἔπεισες

181 2350 362 2438 vulgatam,
386 2352 420 2416 ni
443 2352 550 2434 fallor,
572 2353 651 2420 vidit
674 2353 786 2420 Valla:
813 2354 986 2435 „concione
1008 2354 1051 2420 ad
1073 2353 1135 2420 hoc
1150 2370 1310 2437 persuasa
1412 2347 1453 2415 ad
1493 2382 1496 2457 ῃ

185 2468 434 2554 Tissaphernem
457 2469 649 2554 navigavit”.
1494 2506 1496 2511 ·

229 2584 253 2676 ξ
276 2588 305 2652 2.
328 2586 420 2672 Vulg.
443 2596 506 2663 τῆς
528 2596 649 2670 Φινῆι
672 2591 918 2674 ἐπῃτιάσατο,
942 2604 964 2657 Β
988 2591 1211 2675 ἐπῃτιάσατο
1235 2598 1296 2666 τῆς
1320 2595 1454 2675 φυγῆς.

185 2704 295 2771 Valla:
315 2706 463 2791 jacturas
486 2708 573 2773 exilii
596 2709 646 2776 sui
668 2716 802 2794 questus
825 2709 903 2779 est’'.

229 2822 311 2888 Ibid.
336 2824 430 2909 Vulg.
453 2826 517 2906 περὶ
541 2833 598 2891 τᾶν
620 2834 773 2893 πολιτικῶν
797 2831 898 2895 πολλοὶ
920 2831 1005 2895 εἰπὼν
1028 2832 1057 2903 ἐς
1080 2827 1204 2901 ε’λπιῒαι
1227 2850 1271 2906 γε
1295 2826 1404 2900 αὐτοὺς
1425 2827 1456 2893 οὗ

184 2942 289 3021 attale
312 2948 368 3006 τῶν
391 2944 559 3021 μελλόντων
582 2948 716 3024 καθίστη.
750 2947 777 3012 Β
801 2972 857 3030 γε,
881 2970 946 3034 quo
961 2949 1100 3016 libenter
1114 2968 1278 3035 caremus,
1296 2947 1457 3027 omittens,

184 3066 260 3146 post
288 3066 344 3125 τῶν
375 3063 467 3128 addit
496 3089 548 3142 τε,
581 3066 632 3131 cui
663 3067 842 3152 particulae
872 3069 906 3134 in
938 3066 1146 3153 sequentibus
1175 3065 1255 3134 nihil
1282 3066 1457 3152 opponitur

184 3180 319 3263 ideoque
342 3182 460 3265 optime
483 3183 598 3252 abesse
619 3191 739 3271 potest.
772 3186 869 3254 Valla
891 3188 926 3254 in
948 3188 1068 3256 talibus
1091 3191 1227 3256 nonest
1241 3185 1413 3253 adeundus
1424 3185 1457 3270 ¹).

231 3297 313 3364 Ibid.
339 3299 431 3386 Vulg.
456 3307 579 3384 μικράς,
602 3317 625 3369 Β
648 3306 784 3386 σμικράς.

233 3415 315 3482 Ibid.
338 3423 371 3483 et
393 3418 411 3507 ξ
435 3423 465 3486 3.
488 3420 583 3508 Vulg.
607 3424 729 3501 ἑαυτοῦ,
753 3437 776 3489 Β
799 3426 899 3492 αὑτοῦ.

229 3533 312 3600 Ibid.
337 3536 430 3623 Vulg.
454 3537 504 3603 ε’πὶ
528 3548 646 3618 πλεῖοι,
669 3553 692 3605 Β
715 3540 763 3606 ἐπὶ
787 3543 884 3611 πλέον.

231 3656 251 3734 5
275 3653 307 3721 3.
330 3652 421 3740 ang.
446 3647 616 3739 ὑπισχνεῖτο
640 3658 665 3724 δ’
689 3657 737 3726 οὖν
757 3662 829 3728 τάδε
844 3662 980 3742 μέγιστα
1001 3664 1210 3741 ε’πικομπῶι
1226 3663 1240 3727 ὃ
1256 3660 1456 3740 Λλκιβιάδνῦ

184 3770 212 3835 Β
235 3776 365 3855 praeter
388 3794 516 3842 sensum
539 3779 760 3859 ἕτικομτεῑι.
809 3780 920 3849 Valla:
946 3783 1137 3871 „Enimvero
1160 3779 1368 3850 asseverabat
1390 3799 1456 3846 am·

186 3888 336 3972 plissimis
359 3893 491 3960 verbis''.

229 4006 313 4074 Ibid.
330 4009 421 4095 Vulg.
446 4012 478 4087 ἥν
501 4011 660 4088 Ἀθηναίοις
683 4019 835 4103 πιστεύῃ
859 4067 930 4088 ....
954 4023 1007 4097 τὴν
1021 4022 1125 4088 ἑαυτοῦ
1141 4019 1291 4113 σσραμνῇν
1307 4016 1455 4100 ἐξαργυ-

129 4196 135 4205 ,
185 4132 308 4209 petrau
338 4141 360 4193 Β
384 4130 577 4222 πιστεύσῃ,
601 4136 687 4220 quod
709 4136 837 4222 placet:
863 4140 912 4226 „si
934 4140 1087 4208 fiduciam
1110 4138 1323 4223 conceperit’',
1351 4144 1390 4206 ut
1412 4138 1457 4206 ait

218 4396 246 4464 l)
263 4399 296 4453 cl.
313 4399 393 4466 prael.
411 4413 468 4468 pag.
487 4399 531 4453 Vl.
