3000 4920
805 307 849 376 74

192 546 233 612 ad
256 546 481 632 pugnandum,
504 568 568 613 non
592 546 703 632 utique
727 547 919 634 turpitudini
941 552 1041 634 atque
1065 549 1213 618 dedecori
1229 550 1377 618 dandum
1395 571 1467 619 esse

191 667 219 732 si
250 667 333 733 nolis
367 666 474 733 subire
510 666 600 733 nulla
635 667 760 734 ratione
792 665 998 753 periculum''.
1047 667 1137 746 Quae
1167 669 1228 734 etsi
1258 669 1467 738 subobscura

191 790 402 869 contortaque
438 792 513 852 snnt
542 785 655 861 rerba,
691 793 828 872 apparet
859 792 969 855 tamen
999 808 1073 854 eum
1101 808 1162 873 pro
1185 785 1257 853 ὅσον
1283 789 1465 857 sententiae

189 905 280 971 initio
311 913 368 972 aut
390 928 448 990 pro
472 906 618 991 sequenti
640 904 710 972 όσοο
732 931 766 972 σε
789 907 905 992 legisse
928 906 1032 992 ὁπότε,
1057 907 1144 991 quod
1168 905 1317 974 Stahlius
1342 909 1466 993 conjee·
1497 950 1498 953 =

189 1029 263 1090 tura
285 1032 334 1090 est
358 1026 538 1091 adsecutus.
562 1024 599 1089 In
624 1025 830 1110 sequentihus
855 1026 1015 1094 consentit
1029 1027 1177 1111 vulgatae
1194 1026 1228 1091 in
1244 1048 1326 1094 voce
1342 1025 1460 1104 οόιιόνος
1479 1046 1498 1128 ‘ss

192 1143 300 1222 „nulla
325 1143 484 1220 ratione”,
510 1143 597 1228 quod
620 1144 653 1209 in
677 1145 704 1209 B
728 1145 938 1231 depravatum
962 1154 1013 1215 est
1035 1148 1068 1213 in
1090 1147 1191 1229 όιόγςο.
1496 1145 1497 1149 ’

233 1262 313 1329 Ibid.
344 1261 435 1347 Vulg.
467 1263 569 1343 ἔστιν,
598 1275 619 1328 Β
643 1261 778 1349 ἕξόσσοιι,
810 1264 915 1331 minus
945 1273 1040 1333 recte.
1086 1266 1164 1334 Post
1198 1267 1406 1344 οὶνοννόσοιοθοιι
1437 1264 1461 1330 Β

188 1382 275 1449 solus
298 1382 410 1447 inserit
432 1379 494 1447 όσοι
517 1406 551 1446 σε
574 1382 748 1461 βοόιιοντοο,
774 1404 859 1468 qnae
874 1383 972 1451 verba
988 1385 1015 1451 ai
1030 1385 1221 1463 retinemus,
1244 1406 1320 1451 cum
1339 1383 1461 1452 Stahlio
1496 1468 1498 1473 Ι

186 1505 342 1570 mutanda
366 1503 495 1569 suntin
519 1504 605 1569 όιιόσε
628 1504 797 1581 βοόλοντοιι.
1496 1502 1498 1506 ’

231 1621 255 1712 ξ
279 1624 308 1689 3.
332 1622 421 1707 Vulg.
447 1625 604 1700 ἧσσνθῶσι,
631 1630 735 1703 recte3
758 1624 785 1688 B
810 1627 981 1700 ἧσσιισθιῗισι.
1495 1709 1498 1725 ἐ

231 1742 312 1810 Ibid.
341 1742 433 1827 Vulg.
457 1743 474 1817 ἢ
497 1743 576 1809 notre
598 1766 636 1820 νε
659 1743 791 1826 tratrem
815 1743 842 1809 Β
865 1744 983 1830 injuria
999 1743 1119 1811 omittit
1134 1745 1267 1829 esaya,
1285 1765 1352 1828 quo
1370 1766 1458 1812 voca·
1496 1807 1498 1811 ,

185 1859 262 1927 bulo
292 1867 363 1927 tota
392 1859 569 1944 disputatio
603 1860 724 1927 nititur.
771 1861 883 1929 Valla:
918 1861 1049 1946 „aliqua
1078 1883 1212 1947 prorsus
1247 1863 1459 1930 antecedente

185 1977 409 2046 necessitate'’.

195 2160 197 2164 ,
230 2096 308 2187 §t
343 2097 435 2182 Vulg.
470 2100 502 2174 ἤν
531 2122 587 2163 σου
618 2098 713 2179 κοινός
744 2097 813 2178 εἴν,
845 2098 872 2164 Β
905 2106 991 2167 reete
1020 2098 1047 2183 ᾖ.
1093 2099 1189 2166 Valla
1222 2100 1346 2180 „sicubi
1379 2101 1461 2168 foret
1490 2092 1495 2099 ’

188 2216 436 2302 opportunum”.
1493 2216 1496 2229 '

231 2454 336 2540 Caput
358 2455 400 2520 28
423 2453 448 2544 ξ
472 2457 502 2520 2.
535 2454 630 2540 Vulg.
659 2458 691 2522 οὐ
714 2455 950 2536 προσδεχομένων
972 2456 1042 2521 dar·
1066 2457 1083 2532 ἢ
1107 2456 1248 2528 Ἀττικὰς
1279 2463 1351 2531 νοῦς
1377 2456 1458 2526 εἶνιιι.

185 2573 212 2637 Β
244 2579 319 2639 ante
353 2580 423 2647 νοῦς
457 2572 571 2639 inserit
604 2574 675 2658 τοὶς,
710 2595 775 2640 non
805 2574 906 2654 male,
941 2595 1045 2659 neque
1075 2579 1185 2641 tamen
1216 2576 1376 2644 articulus
1408 2584 1458 2645 est

185 2692 392 2760 necessarius.

230 2811 308 2902 §4
343 2810 436 2895 Vulg.
472 2811 537 2884 σούς
567 2815 595 2876 τ’
618 2811 778 2893 ἐπικούρους
808 2812 874 2884 σοὺς
907 2812 970 2890 περὶ·
1000 2814 1050 2878 σόν
1081 2811 1231 2894 Ἀμόργιον
1263 2815 1348 2896 trapis
1376 2818 1458 2899 σΦῖιι

185 2935 291 3006 αὐτοὺς
319 2933 504 3010 κιμόσοινσες.
553 2931 605 2998 Sic
631 2933 729 2999 etiam
753 2932 975 3014 rectepValla:
1013 2933 1204 3020 „Caeterum
1228 2935 1352 3002 auxilia
1376 2955 1457 3021 quae

186 3055 271 3120 circa
295 3074 329 3118 se
352 3053 507 3136 Amorgos
531 3052 690 3118 habuerat
808 3073 956 3137 recepere
980 3051 1022 3117 ad
1046 3050 1111 3119 se”.
1155 3052 1182 3116 Β
1206 3057 1282 3137 post
1305 3055 1456 3136 Ἀμόοννο

185 3174 275 3240 addit
297 3172 345 3236 τὸν
370 3171 554 3250 Πισσούθνου,
578 3191 661 3254 quae
684 3170 779 3237 verba
803 3176 1001 3254 quantopere
1024 3171 1201 3253 langueant
1224 3179 1454 3255 supervacent·
1480 3172 1483 3177 ’

185 3315 265 3378 que,
301 3293 420 3376 optime
455 3290 549 3355 docet
580 3289 830 3367 Herwerdenns,
867 3290 922 3375 qui
948 3289 1017 3374 jam
1044 3287 1263 3380 §tStalrlio
1296 3293 1455 3377 probante

185 3411 328 3495 spuriam
358 3414 507 3473 naturam
536 3408 812 3491 interpretamenti
843 3406 1013 3473 Πισσούθνου
1044 3407 1117 3471 νόθον
1148 3407 1205 3472 υἱὸν
1235 3409 1405 3492 όφεοσῶσο
1427 3412 1482 3478 δὲ’

183 3528 331 3607 βασιλέως
364 3527 450 3592 hisce
484 3527 603 3611 arguit:
637 3525 737 3611 „Delo
769 3526 923 3592 acholium
955 3527 1092 3611 petitum
1122 3547 1140 3593 e
1172 3547 1243 3612 cap.
1267 3527 1289 3593 5
1312 3536 1396 3596 extr.
1418 3552 1455 3598 ec

182 3647 244 3713 hoc
274 3646 344 3711 loco
374 3644 528 3729 ineptius,
553 3644 639 3727 quod
670 3641 694 3732 ξ
719 3646 739 3708 2
763 3644 831 3710 sine
862 3645 929 3710 ulla
951 3644 1089 3710 hominis
1114 3645 1331 3729 descriptione
1356 3669 1451 3733 prae·

183 3768 348 3831 cesserant
377 3762 492 3830 verba:
528 3763 732 3845 Τισσαφέρνης
764 3764 852 3829 πείθει
877 3764 982 3836 adroic
1006 3764 1054 3828 εἰτ’
1075 3763 1184 3849 ”lacera
1207 3766 1237 3829 ἕν
1262 3762 1281 3846 ᾖ
1303 3767 1454 3849 Ἀμόργης

182 3885 318 3961 πολέμιοι
342 3884 378 3947 όν
400 3889 541 3964 κοτεῖχε,
567 3888 705 3948 rastra.
737 3881 942 3949 Re'otissimer
974 3903 1049 3948 nam
1073 3880 1256 3949 confidebat
1278 3883 1454 3954 historicus

181 4001 336 4070 lectorum
360 4023 490 4068 suorum
513 4001 684 4085 memoria,
708 4008 822 4068 nostra
844 4001 983 4069 fortasse
1007 4001 1175 4086 aliquanto
1196 4001 1375 4075 fideliore’'.

227 4238 332 4324 Caput
354 4238 396 4302 29
420 4234 444 4325 ξ
469 4237 500 4302 l.
530 4236 624 4322 Vulg.
655 4237 721 4319 ἔφη
752 4237 888 4325 δώσειν,
920 4251 941 4304 Β
973 4238 1092 4304 δώσειν
1120 4239 1198 4320 ἔφη.
1234 4239 1349 4311 Valla:
1383 4264 1454 4331 „so-
1489 4262 1498 4315 t

181 4359 307 4426 luturus
331 4361 380 4440 (ut
403 4354 579 4439 dicebat)’'.
971 4372 975 4378 ·
1490 4370 1493 4379 ·

1487 4544 1495 4571 ¹l

1487 4578 1494 4629 i

1484 4638 1494 4855 ι
