3000 4920
793 312 837 378 52

184 540 292 608 oculos
322 541 416 626 longe
446 543 540 610 aliter
569 545 824 629 interpunctum,
854 544 902 610 ita
932 548 967 609 ut
998 543 1048 607 καί
1072 543 1104 606 ἐκ
1127 545 1183 607 τῶν
1205 540 1356 622 παρόντων
1381 562 1451 608 cum
1478 512 1494 629 {a

185 659 408 742 praecedentis
438 660 554 746 capitis
583 660 648 729 fine
679 663 937 747 conjungeretur.
983 659 1072 738 Quae
1093 658 1344 744 interpungendi
1366 658 1449 726 ratic
1479 688 1494 733 ι

187 795 251 841 non
274 775 438 861 displicet3
461 779 620 862 quomodo
644 779 876 864 significantius
899 779 1075 846 oraticnem
1103 777 1241 863 incipies
1263 798 1380 863 quam:
1399 772 1449 842 Ὦ
1479 784 1487 809 ²·

182 890 324 968 Ἀθηναῖοι
348 896 397 960 καί
420 894 595 977 ξύμμαχοι,
620 899 725 963 ἐλπίδα
747 898 806 978 κοί
829 897 919 978 ἔχειν.
1479 906 1491 969 ζ

226 1011 307 1078 Ibid.
332 1013 424 1098 Vulg.
455 1015 715 1094 καταμέμψασθαι
738 1029 760 1082 Β
783 1014 1046 1096 καταμέμφεσθαι.
1084 1010 1178 1080 Valla
1210 1011 1448 1093 „succenserc’'.
1480 1044 1494 1095 ,ι

226 1127 303 1219 §2
328 1130 420 1215 Vulg.
450 1134 531 1198 κατὰ
560 1134 608 1198 τίν
637 1131 705 1200 ίίιον
726 1134 791 1211 βίον
814 1132 863 1199 καί
888 1134 917 1206 ἐς
939 1125 1058 1210 τᾶλλαι
1082 1129 1109 1195 Β
1131 1137 1208 1216 post
1229 1131 1313 1195 κατα
1338 1129 1450 1197 inserit

182 1273 233 1324 σει
270 1256 375 1328 recte,
409 1255 444 1316 nt
478 1251 575 1319 etiarn
610 1252 705 1319 Valla
741 1272 833 1332 „cum
864 1251 907 1317 ad
937 1250 1055 1317 victum
1085 1253 1153 1315 tum
1183 1247 1225 1314 ad
1255 1248 1323 1316 alia
1353 1248 1450 1334 perti·

183 1367 341 1434 uentibus.
1481 1402 1494 1455 a

227 1482 252 1575 ξ
274 1485 306 1551 4.
331 1485 424 1571 Vulg.
447 1488 495 1551 καί
515 1489 630 1570 ὁρῶντες
646 1490 724 1567 ὑμᾶς
741 1489 846 1560 αὐτοὺς
866 1483 898 1552 οἳ
918 1487 1039 1552 ὁπλῖται
1054 1483 1122 1562 ἅμα
1136 1483 1183 1550 καί
1199 1482 1256 1549 ὅσοι
1271 1486 1450 1564 τεταγμένοι
1483 1476 1494 1571 ξ

182 1612 315 1685 χωρεῖτε.
362 1604 426 1673 Pro
457 1605 583 1673 soloecc
606 1603 631 1672 ei
653 1605 827 1674 Vaticanus
852 1603 986 1690 praebet
1008 1599 1067 1682 οίοι,
1094 1603 1338 1689 micenarum,
1362 1603 1449 1687 quod
1482 1576 1488 1597 δ

183 1723 336 1801 aValla,
371 1725 446 1792 licet
467 1726 599 1793 liberius
622 1725 751 1792 uerterit
774 1745 872 1809 qnam
895 1722 1095 1801 accuratius,
1127 1719 1306 1787 stabilitur:
1333 1741 1451 1805 „quum
1486 1804 1489 1809 Ι

186 1841 392 1922 „intueamini
422 1845 567 1931 vosipsos
597 1846 731 1931 qualis
763 1850 929 1911 armatura
959 1848 1067 1910 vestra
1099 1841 1141 1908 sit
1171 1846 1205 1907 et
1228 1846 1372 1925 quantus
1396 1862 1451 1907 nu·
1486 1834 1494 1929 '3

183 1981 289 2028 merus
311 1964 474 2047 pergentis
497 1962 661 2049 agminis’'.
1489 2012 1494 2045 2.

227 2075 251 2168 ἓ
274 2080 305 2146 5.
337 2079 427 2165 Vulg.
458 2081 487 2145 ἕν
509 2076 531 2163 ᾧ
553 2080 590 2146 ἂν
614 2083 789 2164 οίναμκασίῇ
812 2083 906 2164 χωρίῳ
929 2082 1100 2167 μοίχεσίαι,
1123 2079 1151 2145 Β
1173 2079 1292 2166 injuria
1313 2079 1452 2168 particu-
1489 2082 1494 2149 i

185 2197 250 2265 lam
274 2199 401 2265 omittit.

227 2313 251 2406 ἓ
275 2318 307 2383 6.
329 2316 422 2402 Vulg.
445 2320 557 2400 ἐχυρῷ,
582 2319 610 2385 Β
633 2319 716 2386 male
739 2322 845 2402 ὀχυρῷ.

226 2436 307 2502 Ibid.
329 2436 421 2522 Vulg.
445 2440 676 2517 προπέμπετε
694 2439 719 2503 δ’
737 2441 774 2512 ὡς
795 2439 902 2510 αὐτοὺς
921 2440 971 2504 καί
990 2441 1131 2505 οίπαντοῖν
1145 2437 1288 2519 είρνμίνον
1304 2436 1354 2502 καί
1371 2437 1452 2503 σιτία

183 2551 267 2617 ἄλλα
290 2554 428 2640 νομίζειν,
461 2569 483 2621 Β
510 2556 802 2636 προπέπεμπται.
834 2555 913 2622 Cum
936 2556 1039 2642 ducis,
1065 2577 1129 2622 non
1144 2555 1297 2636 militum,
1322 2554 1366 2622 sit
1381 2555 1452 2622 mit-

183 2677 250 2737 tare
266 2672 308 2737 ad
324 2673 484 2757 civitates,
509 2694 592 2757 quae
616 2695 684 2741 rem
699 2673 940 2742 frumentariam
957 2679 1199 2760 compararent,
1224 2692 1362 2758 cumque
1380 2694 1450 2741 sero

183 2788 311 2869 inisset,
327 2790 354 2855 si
376 2811 461 2856 nunc
477 2791 604 2857 demum
621 2813 641 2858 a
655 2792 802 2876 gentibus
820 2791 929 2859 amicis
946 2791 1098 2858 auxilinm
1114 2791 1301 2876 petiissent,
1319 2791 1452 2877 vulgata

184 2906 277 2973 cadat
300 2906 473 2988 Vaticano,
497 2911 558 2975 atsi
582 2931 645 2977 non
668 2909 833 2977 dissimulo
856 2930 906 2975 me
929 2918 1045 2995 putare
1067 2909 1275 2994 provulgata
1293 2910 1450 2994 quodam·

183 3025 277 3093 modo
300 3026 407 3093 facere
430 3048 457 3093 c.
482 3030 525 3094 80
549 3033 568 3112 ξ
592 3031 612 3095 5
637 3029 756 3111 ἤλπιζον
782 3030 842 3110 γὰρ
864 3029 913 3093 καί
930 3028 995 3099 τοὺς
1013 3026 1150 3097 Σικελοὺς
1166 3026 1262 3109 ταύτῃ
1279 3024 1328 3099 οὓς
1343 3053 1451 3104 μετε-

183 3145 375 3226 πέμψαντο
405 3147 636 3221 ἀπαντήσεσθαι.
684 3146 776 3225 Quod
798 3167 930 3232 perraro
953 3144 1007 3225 fit,
1030 3144 1124 3211 Valla
1147 3144 1199 3210 hic
1222 3166 1295 3211 cnm
1319 3146 1452 3232 vulgata

182 3264 292 3348 pej0re
327 3262 420 3330 facit:
461 3264 530 3344 „Ad
565 3285 645 3348 quos
679 3263 908 3350 praemittitc'’.
955 3263 1111 3348 Equidem
1146 3263 1223 3328 mihi
1257 3284 1451 3349 persuasum

183 3380 286 3447 habac
311 3389 367 3448 aut
389 3383 559 3450 lectionem
575 3405 646 3451 esse
663 3391 847 3470 corruptam
861 3422 902 3433 -
915 3381 1002 3468 qnod
1018 3389 1055 3448 ut
1071 3382 1232 3449 existimes
1248 3383 1317 3450 tere
1334 3384 1452 3452 suadet

184 3499 298 3564 mirum
321 3501 460 3578 εἰρημένον
486 3539 530 3549 -
554 3507 610 3567 ant
634 3523 744 3568 omnes
766 3503 865 3568 libros
889 3502 1000 3567 cadem
1024 3522 1089 3586 qua
1112 3501 1272 3587 vulgatam
1296 3503 1448 3570 laborare

183 3618 314 3704 menda,
353 3619 543 3687 Vaticanum
579 3626 685 3688 annm
719 3641 789 3687 esse
821 3624 970 3688 sanatum
1002 3620 1187 3705 conjectura
1217 3640 1316 3704 qnam
1343 3622 1450 3689 nnius·

183 3738 336 3820 cuiusque
367 3746 417 3806 est
447 3741 631 3826 periclitari.
678 3742 764 3807 Duas
795 3748 914 3807 tamem
945 3741 979 3805 in
1010 3760 1061 3805 res
1085 3738 1198 3806 Vallae
1220 3739 1449 3825 interpretatio

183 3856 273 3922 nobis
296 3858 369 3923 usui
392 3865 458 3925 est:
481 3860 584 3945 primo
607 3881 759 3944 perversa
781 3861 893 3940 lectio,
915 3881 1013 3944 quam
1034 3859 1150 3939 refert,
1174 3880 1232 3927 nos
1248 3865 1358 3927 monet
1375 3881 1449 3927 eum

182 3997 274 4042 nsum
308 3997 378 4043 esse
414 3979 522 4046 codice
553 3980 649 4065 plane
679 3979 803 4046 diverso
835 4001 855 4046 a
886 3980 1060 4064 Vatican03
1097 3999 1161 4064 quc
1195 3978 1234 4046 fit
1269 3984 1306 4045 ut
1342 3979 1448 4047 sicubi

184 4116 255 4161 cum
289 4097 316 4163 B
351 4099 383 4163 in
418 4099 506 4176 απαξ
538 4101 687 4181 λεγομένῳ
721 4100 880 4180 concinit,
923 4099 1031 4166 variae
1069 4098 1214 4166 lectionis
1251 4106 1449 4166 momentum

183 4221 350 4298 augeatur.
396 4216 518 4283 Deinde
547 4218 580 4282 in
611 4218 715 4284 verbis
744 4219 904 4303 corruptis
927 4219 975 4282 καί
1004 4219 1086 4283 σιτία
1109 4215 1193 4282 ἄλλα
1216 4216 1341 4298 κομίζειν
1365 4220 1451 4287 viam

187 4332 385 4398 emendatori
416 4336 612 4401 monstravit.
641 4324 737 4403 *Gum
768 4337 852 4402 enim
882 4336 969 4422 apud
999 4334 1125 4403 Vallam
1157 4337 1282 4420 legatur
1305 4337 1451 4422 „pariter
