3000 4920
723 294 766 358 84

113 529 250 611 „partim
276 529 411 596 classem
435 531 626 619 deserendo,
652 533 727 598 dum
750 537 877 618 partem
901 532 1052 616 stipendii
1070 530 1131 598 sibi
1148 529 1292 595 debitam
1309 549 1385 593 non

112 647 330 731 relinquerent
353 650 498 716 obsidem
522 651 603 717 sui'’.
643 652 745 718 deute
767 653 873 719 loeum
897 651 1047 719 tractavit
1075 648 1229 718 Stablius.

155 764 179 855 ξ
215 769 244 834 3.
279 769 369 854 Vulg.
401 772 450 835 val
484 773 549 844 τοὺς
580 773 766 853 τριηράρχους
797 774 847 838 καὶ
878 773 944 844 τοὺς
977 771 1160 852 στρατηγοὺς
1187 775 1243 835 τῶν
1272 768 1387 833 πόλεων

110 886 256 953 ‘blideno‘
290 890 379 961 dieue
414 895 499 962 δόντα
532 900 680 979 χρήματα
711 898 799 965 αὐτὸν
830 906 931 963 τεῖσαι
953 896 1041 963 ὥστε
1064 895 1257 976 ξυγχωρῆσαι
1283 898 1388 959 ταῦτα

111 1013 214 1092 ἑαυτῷ.
251 1013 398 1082 Reislrius
432 1016 510 1095 fuit,
548 1019 602 1101 qui
633 1015 719 1084 haud
751 1018 847 1084 dubie
873 1018 947 1101 jure
979 1017 1068 1102 prius
1091 1013 1167 1080 ὥστε
1190 1011 1389 1096 eliminavit;

111 1133 198 1213 quod
233 1139 340 1200 autem
376 1120 514 1203 alterum
548 1137 575 1201 B
606 1138 741 1223 omittit,
778 1159 982 1222 nequaquam
1016 1135 1199 1203 laciendum
1232 1137 1283 1199 est
1314 1153 1388 1197 eum

111 1248 283 1337 Classeno,
315 1254 370 1336 qui
402 1259 434 1320 et
466 1255 526 1321 hoc
556 1256 626 1323 loeo
658 1255 789 1322 inservit
817 1255 993 1335 Vaticano,
1023 1254 1057 1320 in
1081 1274 1163 1337 quo,
1183 1253 1252 1338 jem
1277 1249 1389 1335 priore

112 1366 185 1433 ὥστε
219 1371 359 1453 polluto,
397 1394 436 1439 ne
472 1375 583 1441 eadem
618 1397 677 1441 vox
712 1375 800 1441 brevi
831 1375 998 1442 intervallo
1029 1376 1221 1457 iteraretur,
1254 1369 1391 1436 sustulit

113 1493 272 1555 corrector
308 1492 482 1557 seeundum
515 1491 606 1579 ὥστε,
642 1493 730 1577 quod
765 1500 873 1560 tamen
908 1498 983 1577 post
1013 1494 1118 1558 πείθειν
1149 1491 1271 1557 addere
1305 1489 1391 1556 solet

112 1612 230 1675 noster.
277 1607 371 1676 Valle
402 1610 482 1676 nihil
513 1612 607 1679 dooet
634 1613 728 1678 uerti:
764 1613 867 1692 „idem
899 1613 1027 1679 edocuit
1058 1615 1094 1678 ut
1123 1609 1322 1677 trierarchos
1357 1615 1391 1676 et

51 1818 52 1821 Ἴ
83 1811 85 1816 ,
113 1727 274 1793 civitatum
305 1729 421 1815 duces,
446 1731 524 1797 data
547 1733 592 1798 eis
617 1733 770 1818 pecunia,
794 1733 834 1798 ad
860 1733 944 1798 hano
967 1753 1035 1798 rem
1061 1730 1122 1798 sibi
1147 1729 1390 1797 concedendam

112 1845 305 1913 iudueeret’.
367 1891 374 1909 .

157 1971 177 2047 ξ
201 1966 231 2032 4.
264 1966 354 2051 Vulg.
387 1969 495 2033 τούτων
526 1969 550 2034 δ’
573 1969 770 2051 Ἑρμοκράτης
793 1995 827 2034 τε
850 1972 1014 2043 ἠναντιοῦτο
1044 1969 1114 2048 ὑοτερ
1137 1973 1188 2033 τοῦ
1213 1965 1389 2044 ξύμπαντος

112 2083 317 2180 ξυμμαχαιοῦ.
352 2085 378 2149 Β
410 2109 468 2169 pro
500 2088 551 2163 τό,
586 2089 671 2172 quod
694 2087 831 2153 libenter
854 2087 1091 2164 desideramus,
1116 2085 1194 2169 legit
1217 2087 1389 2165 στρατηγὸς

112 2203 165 2281 όν,
191 2204 340 2270 omittens
364 2211 472 2271 autem
496 2206 530 2271 in
555 2206 762 2290 sequentibus
786 2208 887 2291 μόνος,
912 2206 999 2291 quod
1023 2204 1128 2271 verbis
1144 2210 1194 2270 τοῦ
1211 2202 1389 2280 ξύμπαντος

112 2323 307 2404 ξυμμαχνκοῦ
331 2326 449 2408 optime
475 2327 664 2411 opponitur,
689 2346 794 2409 neque
818 2346 875 2391 our
896 2325 1031 2391 tollatur
1054 2344 1153 2390 eausa
1175 2322 1244 2389 ulle
1267 2327 1388 2391 exstat.

114 2443 249 2508 Omnino
274 2443 352 2508 mihi
375 2444 505 2528 quidem
528 2444 635 2528 plaoet
658 2443 772 2510 Stablii
787 2443 901 2530 lectio,
925 2463 984 2528 pro
1000 2442 1033 2508 τέ
1049 2447 1218 2526 assumpto
1233 2441 1389 2509 Vaticani

113 2561 278 2640 στρατηγός
310 2562 362 2636 όν,
396 2567 519 2628 servato
552 2568 658 2628 autem
691 2563 839 2646 vulgatae
870 2563 971 2642 αόνοςς
1004 2581 1099 2646 quem
1129 2561 1163 2626 in
1195 2560 1328 2627 modum
1353 2567 1389 2628 ut
1403 2590 1427 2669 j,

113 2682 319 2747 restituamus
343 2681 535 2765 scripturam
559 2682 675 2748 suadet
697 2681 806 2747 Valla:
826 2681 853 2764 l)
890 2701 1045 2764 „quorum
1068 2680 1134 2760 dux
1156 2679 1388 2748 Hermocrates

43 2887 45 2890 Α
114 2799 200 2865 solus
215 2801 362 2869 ¹omnium
387 2800 629 2880 adversabatur,
654 2800 781 2867 socialis
798 2799 909 2865 elassis
926 2797 1081 2865 nomine''.
1105 2797 1253 2864 Ceterum
1271 2797 1388 2865 audias

114 2917 269 2982 Stablium
301 2918 335 2982 in
359 2919 567 2985 annotatione
591 2919 703 2984 critica
729 2918 906 3003 „editores,
932 2917 988 3001 qui
1011 2923 1139 3002 praeter
1163 2942 1197 2982 τε
1221 2922 1280 2983 aut
1302 2918 1388 2994 μόνος

114 3040 170 3101 aut
200 3036 366 3116 στρατηγός
396 3036 431 3101 τόν
461 3036 628 3115 omittunt,
661 3037 752 3102 valde
784 3036 948 3102 falluntur.
981 3058 1057 3101 nam
1080 3035 1186 3101 τούτων
1211 3036 1296 3112 μόνος
1320 3057 1389 3103 non

114 3156 261 3223 convenit
295 3159 372 3232 τοίρν
406 3163 462 3220 τῶν
497 3159 676 3237 Συρακοσίων
711 3154 817 3221 verbis
850 3160 883 3220 et
916 3154 1037 3219 nudum
1061 3153 1227 3233 στρατηγὸς
1251 3153 1287 3218 όν
1311 3153 1389 3220 huic

112 3277 184 3341 loeo
215 3276 298 3341 male
329 3285 441 3360 aptum
471 3285 521 3343 est
551 3283 683 3362 propter
707 3278 767 3360 29,
793 3278 830 3360 23
863 3274 1015 3359 adjuncto
1044 3280 1152 3340 autem
1175 3273 1260 3351 μόνος
1285 3274 1387 3358 signi-

113 3393 230 3460 ficatur
253 3394 494 3461 Hermocratem
519 3396 621 3462 solum
645 3395 744 3461 luisse
767 3395 1014 3479 imperatorem,
1048 3394 1103 3478 qui
1126 3393 1388 3460 adversaretur”.

115 3511 280 3577 Scribatur
303 3533 374 3577 eum
398 3513 424 3577 B
449 3513 557 3585 παντὸς
582 3535 641 3598 pro
667 3513 813 3598 vulgatae
836 3511 1008 3589 ξύμπαντος
1025 3533 1139 3593 neone,
1163 3533 1227 3578 non
1245 3515 1387 3578 constat.

158 3635 178 3713 ξ
202 3632 234 3696 b.
265 3629 358 3714 Vulg.
389 3626 420 3695 αἳ
450 3633 478 3703 ἐς
509 3633 673 3706 Ἀόνρναόους
704 3632 835 3712 πρότερον
857 3634 1058 3705 οξτοττῆοοιο
1082 3632 1220 3709 alariarum
1244 3629 1272 3694 Β
1298 3634 1388 3696 recte

115 3750 333 3833 ἢότοοτῆναι,
358 3749 419 3815 nisi
442 3750 525 3817 forte
548 3751 653 3834 ipsum
677 3750 866 3817 vocabulum
890 3749 1043 3816 omissum
1068 3749 1204 3827 efficiat,
1229 3754 1267 3815 ut
1282 3749 1387 3816 inter-

114 3868 310 3951 polationem
343 3867 486 3935 redoleat
520 3871 694 3945 ότοστῆναι.
731 3868 842 3934 Vallat
880 3889 984 3954 „quae
1018 3888 1078 3952 pro
1112 3867 1384 3953 Atheniensibus,

115 3990 288 4069 antequam
311 3985 352 4052 ab
376 3987 421 4054 eis
445 3986 634 4069 deficerent,
658 3992 806 4071 sumptus
829 3986 936 4053 lacere
961 3985 1109 4055 solitae''.

147 4361 175 4426 l)
194 4362 224 4411 lu
243 4360 366 4412 editionis
384 4361 495 4411 minoris
513 4360 680 4426 praelatione.
