3000 4920
734 318 778 391 92

118 555 329 634 ἔβουλεύσομεν
352 557 482 624 exhibet
504 559 771 646 βουλεύσομεν,
798 564 918 648 optimo
935 565 1010 632 libri
1025 566 1122 635 fidem
1137 566 1318 637 habeamus
1336 577 1385 637 est

117 695 255 742 necesse.
302 675 395 743 Valla
418 677 465 744 nil
488 678 590 746 docet.

161 912 267 999 Caput
289 913 332 980 54
356 920 375 998 ξ
401 917 431 985 1.
454 916 546 1003 Vulg.
570 919 709 1006 ἐλπίζον,
734 920 760 984 B
780 942 851 987 cum
868 921 1083 1007 compluribus
1098 922 1189 991 libris
1205 926 1386 1008 ἐπελπίζων.

114 1033 297 1120 Legendum
321 1058 391 1102 cum
415 1036 643 1106 Herwerdeno:
668 1039 709 1106 ἔπι
734 1036 867 1122 ἐλπιξων.

159 1159 179 1237 ἓ
202 1157 233 1221 2.
256 1155 348 1241 Vulg.
372 1155 412 1221 ποί
435 1182 468 1221 σε
492 1157 860 1242 sarracenatorum
883 1160 932 1226 καί
949 1161 998 1226 τὸν
1015 1160 1214 1240 Ἀλκιβιάδην.
1237 1163 1386 1232 Alterum

114 1275 284 1341 articulum
308 1277 428 1344 omittit
450 1277 486 1343 B.
520 1277 616 1345 Valla
638 1300 733 1357 „cum
757 1280 972 1365 Tissapherne
995 1286 1029 1347 et
1050 1279 1246 1347 Alcibiade’.

157 1391 181 1482 ξ
205 1394 237 1462 4.
261 1393 352 1479 Vulg.
376 1398 669 1476 παρακελευσάμενος
686 1397 761 1470 ὅσοις
779 1446 786 1462 .
803 1447 810 1462 .
825 1447 853 1463 ..
870 1398 1117 1464 καταλύσουσι
1133 1397 1182 1462 σίν
1197 1398 1297 1476 δῆμον.
1322 1400 1386 1465 Fu-

113 1517 236 1589 turum,
273 1517 309 1578 ut
342 1513 575 1581 Herwerdenus
609 1536 649 1601 ex
670 1515 814 1600 lapidum
838 1516 1020 1583 testimonio
1044 1515 1202 1592 ostendit,
1225 1522 1317 1582 recte
1351 1537 1386 1583 se

112 1629 219 1697 habet.
254 1631 282 1696 B
305 1638 339 1698 et
361 1633 505 1698 nonnulli
528 1633 584 1701 alii
606 1655 775 1719 perperam
798 1633 997 1700 καταλύουσι.
1033 1633 1128 1700 Valla
1150 1633 1251 1700 libere
1279 1636 1386 1702 vertit.

156 1880 263 1968 Caput
285 1883 372 1967 ὅδὲ
400 1888 427 1952 l.
458 1885 548 1970 Vulg.
572 1884 599 1950 εί
621 1910 678 1951 ποι
701 1886 817 1967 οίποιίροι
846 1888 879 1952 τὸ
902 1892 958 1952 πῶν
980 1886 1212 1962 Πελοποννησίων
1236 1886 1384 1954 ναυπικί.

111 2001 210 2067 Recte
241 2023 313 2068 cum
342 2003 458 2086 οὶπαίροι
485 2004 630 2090 jungitur
660 2029 706 2070 ποι
738 2025 841 2089 neque
871 2025 943 2071 cum
973 2005 1000 2069 Β
1024 2005 1158 2089 aliisque
1181 2003 1382 2089 quibusdam

110 2117 185 2185 libri
219 2144 274 2185 που
304 2119 473 2205 legendum
508 2127 565 2190 est.
612 2120 708 2189 Valla
737 2120 835 2191 bene:
872 2122 982 2207 „siquo
1013 2122 1200 2209 trajicerent
1221 2120 1386 2208 Pelopon-

111 2237 257 2304 nensium
279 2237 412 2305 naves’'.
1071 2245 1072 2248 ’

155 2352 234 2444 §A
265 2355 315 2420 καί
346 2354 428 2423 ὅπλα
458 2358 569 2439 ἕληφίη
602 2358 711 2425 πολλοί.
747 2369 769 2422 Β
801 2356 850 2423 καί
879 2355 960 2423 ὅπλα
982 2356 1083 2423 πολλοί
1106 2357 1229 2440 ἕληφίη.
1265 2357 1383 2426 Valla:

115 2477 300 2563 „multaque
323 2500 414 2547 arma
438 2479 564 2566 capta”.

157 2731 264 2816 Caput
285 2730 329 2798 56
352 2728 377 2822 ξ
399 2732 431 2799 4.
462 2730 556 2816 Vulg.
588 2731 649 2815 ᾔτει
672 2731 731 2811 grip
755 2736 888 2797 τοσαῦτα
912 2727 1106 2812 ὑπερβάλλον
1128 2731 1142 2796 ὂ
1165 2733 1383 2812 Ἀλκιβιάδης,

112 2853 207 2930 λέγων
231 2851 318 2922 αὐτὸς
342 2851 411 2931 ὑπὲρ
434 2849 572 2930 παρόντος
595 2849 831 2929 Τισσαφέρνους,
855 2847 942 2914 ὥσπε
965 2854 1030 2914 πῶν
1053 2849 1250 2938 Αίηναίιον,
1276 2854 1384 2934 καίπερ

113 2973 160 3038 ε’πί
195 2971 271 3037 πολὺ
305 2970 347 3036 i'rr
382 2970 474 3046 αἰτοίη
508 2969 750 3051 ξυνχοοροιίνσυν,
782 2968 857 3047 ὅμως
889 2968 979 3036 οιίσιον
1009 2970 1151 3049 γενέσθαι.
1194 2969 1382 3040 Alcibiades

112 3092 236 3176 majora
267 3091 434 3175 postulans
457 3111 555 3174 quam
577 3109 659 3174 quae
684 3088 815 3155 concedi
836 3093 984 3175 possent,
1017 3087 1228 3155 Athenienses
1250 3095 1289 3156 ut
1312 3089 1380 3159 foe·

114 3211 199 3277 deris
230 3231 302 3277 cum
333 3210 438 3276 Persis
470 3230 534 3275 non
555 3209 612 3274 icti
635 3213 781 3274 auctores
804 3209 911 3272 essent
934 3204 1048 3272 effecit.
1094 3205 1197 3284 Quam
1221 3206 1382 3291 significa·

113 3331 232 3398 tionem
254 3350 319 3396 non
341 3327 484 3395 invenias
507 3326 570 3392 nisi
591 3327 626 3392 in
648 3326 675 3390 B
698 3325 772 3391 ίίσπε
795 3326 828 3391 πὸ
855 3331 909 3389 τῶν
933 3324 1107 3404 Ἀθηναίων,
1132 3326 1183 3392 cui
1206 3329 1383 3396 assentitur

114 3450 225 3518 Valla:
252 3446 448 3530 „Postulavit
461 3446 544 3512 enim
556 3444 738 3513 Alcibiades
755 3465 863 3511 coram
879 3440 1092 3528 Tissapherne
1108 3492 1117 3511 .
1131 3495 1160 3512 ..
1176 3495 1184 3510 .
1200 3465 1286 3530 qnae
1298 3448 1381 3516 adeo

113 3570 242 3636 modum
277 3565 581 3652 supergrederentur
616 3569 657 3630 ut
690 3584 759 3665 per
796 3563 1070 3643 Athenienses,
1106 3563 1167 3629 etsi
1194 3563 1379 3649 ingentibus

11 3685 14 3688 ’
114 3709 192 3755 sane
215 3685 386 3772 postulatis
409 3683 664 3769 acquiescerent,
695 3687 818 3749 staret
845 3682 1047 3767 quominus
1073 3682 1379 3752 conveniretur.”

113 3806 254 3891 Vulgata
275 3805 360 3870 hunc
383 3801 450 3869 fere
471 3801 505 3867 in
528 3803 655 3869 modum
677 3801 831 3886 explicari
847 3801 945 3868 solet:
968 3799 1150 3866 Alcibiades
1173 3805 1241 3867 tam
1263 3823 1378 3887 parum

112 3923 265 3992 benevole
289 3943 360 3988 cnm
385 3910 505 3988 civibus
529 3921 595 3988 suis
619 3921 703 4006 egit,
729 3926 765 3987 ut
787 3921 849 3988 hoc
875 3920 916 3986 ab
944 3919 1190 3987 Atheniensibus
1217 3921 1248 3988 ei
1270 3928 1380 4007 posset

113 4043 184 4110 dari
206 4042 330 4108 crimini
337 4067 346 4119 ς
371 4040 457 4125 quod
480 4046 590 4108 tamen
611 4063 687 4106 num
713 4042 748 4107 in
774 4040 906 4107 Graecis
928 4040 1035 4106 inesse
1058 4041 1160 4125 possit
1186 4039 1281 4108 valde
1303 4042 1378 4110 licet

114 4160 264 4228 dubitari.
288 4159 438 4237 Accedit,
463 4158 550 4244 quod
574 4159 703 4243 vulgata
717 4158 801 4225 hunc
817 4157 852 4224 in
867 4156 998 4224 modum
1022 4163 1157 4242 accepta
1172 4158 1283 4227 inania
1297 4159 1378 4228 fiant

112 4279 210 4346 verba
232 4278 336 4357 καίπερ
359 4278 406 4342 ἐπὶ
430 4278 506 4342 πολὺ
529 4275 547 4342 i'
565 4303 594 4344 σι
617 4277 709 4353 αἰτοίη
731 4275 963 4358 ξυγχωρούνποον.

155 4398 237 4465 ibid.
283 4395 390 4480 Libri,
414 4396 511 4463 etiam
534 4398 561 4463 B
584 4399 690 4464 Ἰωνίαν
712 4422 746 4462 πε
768 4399 828 4479 γὰρ
851 4399 953 4463 πᾶσαν
977 4394 1093 4473 ἠξίουν
1108 4395 1242 4465 δίδοσθαι.
1272 4397 1373 4466 Nemo
