3000 4920
732 329 776 396 28

111 589 205 638 suum
243 571 277 638 in
313 572 513 639 commodum
547 593 615 638 rem
651 592 815 638 cessuram
845 575 980 658 putasse
1012 575 1195 656 appareret
1240 567 1381 637 Vaticani

112 691 339 771 διαπολεμήσειν
361 713 456 760 nemo
478 693 525 759 vir
548 693 661 760 doctus
684 692 840 778 probavit

154 807 234 899 §a
258 809 351 895 Vulg.
384 810 434 876 καὶ
457 812 490 876 οὐ
512 810 700 892 τρίβεσθαι
730 811 831 884 ἄλλοις
852 810 1018 886 Ἀθηναίους
1040 836 1075 876 τε
1098 812 1162 880 ατὲ.
1197 823 1218 876 Β
1244 809 1381 892 τρίψεσ-

113 930 170 994 θαι.
207 927 320 995 Valla:
357 926 446 1007 „fore
478 928 562 995 enim
593 934 630 995 ut
653 934 710 996 aut
733 949 887 1015 prospere
910 929 1085 1015 pugnando
1108 929 1274 1014 potiretur
1292 929 1383 1014 Syra·

112 1048 214 1134 cusis,
247 1053 304 1115 aut
331 1046 419 1113 illine
451 1047 563 1133 copias
594 1046 769 1115 abduceret
795 1049 903 1133 potius
934 1069 1032 1133 quam
1062 1047 1224 1115 ineassum
1256 1053 1385 1115 vexaret

114 1189 224 1236 omnes
256 1173 289 1234 et
320 1168 375 1252 qui
408 1167 443 1232 in
473 1166 589 1234 militia
619 1173 652 1235 et
679 1168 735 1252 qni
758 1167 844 1234 domi
867 1173 961 1234 erant
983 1167 1222 1235 Athenienses.”
1273 1168 1383 1235 Merito

113 1286 210 1354 Valla
242 1307 313 1355 cum
344 1299 366 1352 Β
397 1288 548 1368 τρίψεσθαι
571 1285 715 1365 exhibet,
746 1293 783 1355 ut
809 1287 908 1354 etiam
929 1308 1000 1353 cum
1023 1285 1179 1354 Vaticano
1202 1286 1272 1354 solo
1295 1287 1384 1354 addit

116 1405 327 1492 particulam,
359 1425 424 1490 qua
454 1426 519 1473 non
548 1404 686 1473 libenter
718 1427 880 1484 caremus,
903 1406 980 1490 quia
1002 1405 1091 1473 urbis
1115 1392 1317 1474 Athenarum
1338 1406 1383 1473 in·

112 1525 190 1592 eolis
214 1529 419 1611 opponuntur
444 1524 674 1614 Athenienses,
699 1524 755 1610 qui
778 1525 813 1591 in
836 1523 945 1591 Sicilie
967 1523 1159 1592 militabant.

157 1762 264 1847 Caput
294 1763 337 1828 43
368 1766 389 1846 ξ
414 1765 442 1829 ].
472 1761 567 1848 Vulg‚
596 1762 659 1828 οὐδὲ
689 1765 750 1845 γὰρ
779 1763 853 1829 καθ’
885 1763 987 1844 ἕτερα
1016 1764 1041 1828 οἱ
1075 1762 1244 1844 Συρακόσιοι
1276 1764 1382 1828 οὶντεπ-

112 1879 236 1962 sititae,
272 1893 294 1946 Β
329 1879 403 1947 καθ’
445 1881 608 1959 ἑκάτερα.
657 1881 752 1949 Valla
792 1882 904 1969 optimi
938 1880 1013 1948 libri
1046 1881 1239 1949 auctoritate
1274 1887 1382 1967 spreta

108 1999 182 2085 jure
216 1999 364 2086 vulgatae
398 2001 572 2068 consentit:
611 2001 784 2082 „adversus
818 2007 950 2069 neutros
984 2000 1068 2067 enim
1105 2000 1255 2086 prodiere
1290 1999 1381 2088 Syra-

115 2117 255 2188 cusani'.

156 2237 240 2304 Ibid.
263 2238 356 2323 Vulg.
388 2237 472 2304 ἄλλα
499 2237 604 2310 πείσας
628 2237 677 2304 τόν
699 2263 733 2304 τε
756 2239 862 2304 Νικίαν
885 2237 934 2303 καὶ
958 2239 1024 2311 τοὺς
1047 2236 1158 2312 ἄλλους
1181 2237 1380 2320 ξυνάρχοντας

112 2357 221 2422 ἐπενόει
252 2358 302 2422 καὶ
334 2357 386 2430 τὴν
417 2357 594 2439 ἕπιχεῖρνσιν
624 2362 680 2424 τῶν
704 2355 871 2424 Ἐπιπολῶν
895 2359 1032 2436 ἐποιεῖτο,
1062 2370 1084 2424 Β
1108 2359 1147 2431 ὥς
1169 2359 1289 2424 ἐπενόει.
1318 2358 1380 2425 Va-

112 2475 212 2541 ticani
242 2475 337 2543 leutio
369 2480 535 2560 praestare
564 2475 708 2561 videtnr3
739 2475 780 2542 ef.
813 2474 922 2544 (llasa.
966 2474 1061 2544 Valla
1084 2477 1162 2562 qnid
1184 2477 1297 2564 legerit
1319 2499 1380 2544 non

114 2595 212 2680 plane
234 2599 382 2680 apparet.

157 2711 181 2804 ᾗ
211 2715 241 2780 2.
277 2713 371 2800 Vulg.
401 2713 450 2778 καὶ
487 2712 596 2793 ἡμέρας
626 2713 681 2791 μὲν
711 2713 888 2779 ἀδύνατον
918 2713 1007 2781 ἐδόκει
1040 2711 1112 2780 εἶναι
1142 2716 1261 2804 λαθεῖν,
1293 2715 1320 2782 Β
1352 2719 1382 2780 et

113 2833 259 2901 nonnulli
282 2832 337 2899 alii
360 2832 434 2899 libri
461 2832 632 2900 ἀδύνατα.
669 2832 716 2899 Ut
737 2832 849 2918 Poppo
873 2833 1116 2921 animadvertit,
1141 2832 1237 2902 Valla
1259 2834 1379 2902 inouria

114 2952 254 3021 fortasse
288 2953 394 3019 omisit
430 2952 557 3034 ἡμέρας
596 2952 787 3033 „Caeterum
821 2974 886 3020 non
920 2973 1015 3039 posse
1049 2952 1120 3019 fieri
1151 2952 1321 3023 videbatur
1348 2957 1381 3019 ut

116 3119 144 3138 ..
161 3121 190 3141 ..
214 3072 340 3139 hostem
362 3069 533 3139 laterent’'.
568 3071 718 3139 Ἀδύνατα
741 3072 843 3158 magis
866 3093 906 3139 ex
929 3073 1094 3158 scriptoris
1117 3093 1179 3140 usu
1202 3073 1382 3141 dictumest

116 3211 214 3278 qnam
237 3191 389 3258 alliserat.

160 3310 242 3378 Ibid.
277 3309 369 3396 Vulg.
402 3311 564 3389 ἀναλαβὼν
595 3312 648 3387 τὴν
679 3313 802 3377 πᾶσαν
825 3312 985 3392 στρατιὰν,
1008 3311 1036 3378 Β
1058 3330 1207 3397 perverse
1229 3311 1382 3393 πρώτην,

117 3452 183 3516 qua
213 3432 252 3498 (le
283 3431 373 3498 varia
402 3431 538 3499 lectione
571 3429 683 3516 Poppo
714 3431 778 3498 sio:
815 3430 967 3514 ,,πριι’την,
999 3430 1086 3516 quod
1116 3430 1203 3499 male
1234 3451 1275 3498 ex
1301 3433 1383 3516 spi

116 3551 240 3632 προτέρα
262 3550 387 3630 στρατια
412 3548 570 3616 duotum'’.
605 3547 700 3616 Valla
722 3555 827 3630 reete;
853 3539 1016 3642 „sumptis
1032 3549 1179 3619 omnibns
1202 3550 1332 3636 eopiis”.

162 3669 243 3738 Ibid.
267 3669 359 3756 Vulg.
391 3671 497 3744 Νικίαι
529 3668 554 3735 δ’
580 3672 609 3736 ἕν
634 3677 693 3745 τοῖς
718 3672 848 3752 τείχεσιν
877 3671 1136 3749 ὑπελέλειπτο,
1159 3683 1181 3736 Β
1205 3671 1385 3736 ὑπελείπετο.

117 3789 229 3875 Valla,
271 3790 325 3874 qui
363 3794 468 3857 vertat
504 3809 563 3876 per
601 3788 777 3857 ablativum
816 3788 1019 3857 absolutumr
1058 3788 1168 3871 „Nicia
1206 3790 1249 3857 ad
1282 3809 1388 3859 muros

117 3907 249 3977 relicto”
282 3930 341 3976 nos
368 3910 408 3976 (le
432 3930 492 3977 sua
514 3909 651 3979 lectione
674 3909 826 3978 certiores
849 3930 914 3977 uon
936 3908 1025 3977 lauit.
1072 3908 1144 3976 Etsi
1166 3907 1389 3995 imperfectum

117 4027 325 4114 praetuleris,
347 4032 455 4096 tamen
478 4027 577 4114 nihil,
601 4027 679 4113 quin
702 4049 862 4096 servemus
883 4027 1064 4116 vulgatam,
1088 4027 1233 4113 impedit.

163 4144 187 4236 ξ
217 4150 249 4214 3.
280 4147 373 4233 Vulg.
405 4144 477 4231 ᾗπερ
507 4148 557 4214 καὶ
592 4147 755 4229 >lopertum
778 4149 905 4229 στρατια
927 4147 961 4214 το
988 4151 1098 4228 πρῶτον
1120 4145 1232 4235 ἀνέβη,
1256 4145 1283 4212 Β
1306 4145 1392 4213 idem

118 4264 225 4332 refert
259 4265 372 4347 Valla,
403 4272 440 4332 ut
472 4265 566 4333 docet
595 4265 725 4351 Poppo,
758 4265 865 4332 omisit
891 4266 924 4333 τὸ
948 4272 1068 4350 πρῶτον,
1092 4265 1178 4351 quod
1201 4263 1235 4332 et
1256 4271 1394 4352 propter

119 4382 329 4473 tautologiam
361 4382 394 4450 et
424 4389 557 4473 propter
589 4383 745 4453 absonum
774 4387 791 4461 ἡ
816 4385 967 4472 προτέρα
991 4384 1118 4465 στρατιὰ
1142 4383 1176 4450 τὸ
1200 4389 1335 4466 πρῶτον
1356 4384 1394 4453 li·
