3000 4920
626 353 863 403 rensuum.
1340 356 1383 404 111

109 575 242 657 ίστορίαν.
282 576 333 648 έτη
368 576 429 656 γοδρ
460 575 540 640 ἑπτα
568 575 618 640 καί
648 575 736 641 εἴκοσι
767 576 986 657 περιειληφότος
1017 582 1069 640 τοῦ
1101 577 1248 655 πολέμου,
1279 578 1381 644 πάντα

112 695 155 760 τίν
184 696 286 776 χρόνον
308 700 408 761 τοῦτον
429 691 482 767 ἕως
505 702 558 769 τῆς
581 695 773 768 καταλύσεως
796 697 887 759 abac
909 694 1033 779 βιύσας,
1063 696 1154 776 μέχρι
1176 703 1227 762 σού
1249 696 1381 778 δευτέρου

116 815 159 880 καί
179 816 309 881 εἰκοστοῦ
331 813 537 893 κατεβίβασεν
559 814 639 886 έτσυς
654 815 707 889 τὴν
721 813 867 898 ἱστορίαν,
882 822 921 895 τί
935 813 1000 894 περὶ
1015 815 1104 886 Κυνὸς
1119 823 1205 892 σῆμα
1220 817 1379 899 ναυμαχίρ

120 936 163 1009 τὴν
190 934 292 1013 θγδύην
320 933 429 1013 βίβλον
459 936 651 1015 παρεκτείνας
677 932 727 997 καί
750 939 851 999 ταῦτα
874 935 1041 1014 προειρηκὼς
1064 935 1094 997 έν
1116 937 1158 1014 τῷ
1180 934 1283 1000 πάντα
1306 960 1382 1016 περι·

87 1056 89 1091 ¹
123 1054 255 1134 tridecim
284 1054 326 1119 ric
358 1053 530 1135 πραχθέντα
560 1053 643 1119 κατὰ
673 1053 753 1119 τύνδε
775 1052 825 1117 τὸν
848 1052 993 1132 πόλεμον·
1016 1052 1078 1118 καί
1101 1055 1137 1118 έν
1158 1064 1202 1136 τῇ
1226 1054 1380 1138 πέμπτη

127 1171 233 1254 βίβλῳ
261 1174 378 1239 πάλιν
408 1178 772 1256 συνανακεφαλαιῶν
804 1197 844 1237 τε
878 1173 964 1245 τοὺς
994 1174 1145 1254 χρόνους
1175 1175 1240 1256 ἐφ’
1268 1171 1309 1240 ού
1338 1200 1379 1240 τε

130 1290 243 1372 ἤρξατο
272 1293 334 1358 καί
366 1291 477 1374 μέχρι
505 1289 544 1359 ού
571 1293 751 1373 προελθὼν
780 1292 981 1379 κατελύθη,
1011 1298 1133 1358 ταῦτα
1155 1295 1254 1360 κατα
1276 1293 1378 1371 λέξιν

130 1411 298 1495 γέγραφεῑ
336 1411 408 1499 ,καί
442 1419 502 1486 τοῖς
531 1411 593 1477 aiud
622 1417 765 1493 χρησμῶν
795 1437 825 1477 τι
854 1413 1088 1493 ἰσχυρισαμένοις
1118 1414 1203 1491 μένον
1234 1413 1268 1488 δη
1297 1420 1382 1479 τοῦτο

135 1531 240 1612 ,έχυρῶς
268 1530 402 1611 ξυμβάν.
431 1532 478 1597 αἰεί
510 1532 570 1611 γὰρ
598 1533 698 1610 ἔγωγε
721 1533 891 1610 μέμνημαι,
917 1531 967 1596 καί
989 1532 1153 1612 ἐρχομένω
1176 1539 1227 1598 τοῦ
1250 1533 1381 1611 πολέμου

87 1705 89 1715 ,
137 1652 186 1729 ,καί
212 1652 300 1732 μέχρι
329 1648 364 1716 ού
393 1651 583 1734 ἐτελεύτησε,
615 1650 826 1734 προφερόμενον
858 1651 914 1716 ύπδ
936 1657 1052 1716 πολλῶν
1074 1649 1117 1717 ὅτι
1140 1653 1200 1733 τρίς
1223 1653 1305 1719 ἐννέα
1329 1653 1380 1726 έτη

87 1772 90 1835 i
139 1768 192 1852 ,δέοι
218 1770 350 1849 γενέσθαι
380 1770 479 1836 αύτύν.
510 1770 636 1848 έπεβίιον
665 1770 899 1843 δευσοποιὸς
925 1773 1036 1857 αὐτοῦ,
1059 1771 1263 1850 αἰσθανόμενός
1286 1798 1319 1838 σε
1342 1782 1381 1855 τῇ

140 1890 229 1974 ,iouia
258 1890 309 1956 καί
336 1891 486 1972 προσέχων
509 1891 563 1964 τὴν
584 1889 722 1976 γνύμην,
747 1889 824 1964 ὅπως
847 1890 967 1971 ἀκριβές
990 1914 1019 1955 τι
1042 1889 1176 1968 είσομαι·
1201 1891 1250 1956 καί
1273 1891 1381 1969 ξυνέβη

87 2032 92 2074 ε
141 2032 187 2086 ,μοι
205 2011 326 2096 φεύγειν
348 2013 403 2087 την
425 2012 556 2089 ἐμαυτοῦ
580 2011 630 2088 ἔτη
652 2010 740 2078 είκοσι
762 2012 844 2089 μετα
863 2012 917 2085 τίον
931 2012 962 2083 ές
978 2011 1163 2090 Ἀμφίπολιν
1177 2013 1381 2093 στρατηγίαν,

87 2153 92 2195 :-
141 2130 187 2207 ,κοί
207 2132 350 2212 γενομένῳ
372 2133 443 2212 παρ’
465 2132 641 2214 ἀμφοτέροις
665 2139 724 2205 τοῖς
747 2132 927 2217 πράγμασι,
952 2131 1002 2195 καί
1024 2132 1083 2211 ούχ
1103 2129 1187 2207 ἧσσον
1207 2139 1266 2205 τοῖς
1289 2143 1381 2198 Πελο-

87 2268 92 2314 ῑ
140 2252 284 2327 ,τοννησίυιν
314 2251 363 2316 δια
392 2252 444 2326 τὴν
474 2252 594 2334 φυγήν,
624 2253 689 2316 καθ’
720 2252 850 2332 ἡσυχίαν
881 2275 911 2316 τι
941 2252 1037 2315 αὐτῶν
1067 2254 1186 2328 μᾶλλον
1216 2251 1383 2340 αίσθέσθαι,

87 2427 88 2433 ,
140 2370 198 2445 ,τίν
223 2368 280 2438 οὖν
310 2370 410 2448 μετὰ
440 2371 488 2436 τὰ
519 2370 605 2436 δέκα
638 2370 699 2447 έτη
731 2369 914 2453 διαφοράν
943 2395 984 2435 τε
1014 2369 1076 2435 καί
1103 2369 1292 2451 ξύγχυσιν
1314 2378 1383 2437 τῶν

139 2491 288 2565 ,σπονδῶν
311 2492 372 2556 καί
397 2491 445 2556 τα
467 2490 602 2556 ἔπειτα
623 2494 666 2563 ύς
689 2491 898 2568 ἐπολεμήθη
922 2489 1185 2569 έξηγύσομαι.”
1208 2491 1382 2577 Dionysius

87 2662 89 2673 .
136 2604 209 2694 ip'tnr
236 2615 274 2676 ut
304 2609 493 2695 scriptorem
523 2607 619 2677 fidem
650 2630 714 2677 non
745 2609 947 2696 praestitisse
969 2615 1102 2695 arguat,
1127 2610 1244 2695 capitis
1268 2609 1381 2676 laudat

87 2748 90 2763 ¹
135 2721 221 2807 inem3
255 2730 376 2797 idcirco
407 2734 532 2796 constet
559 2749 690 2797 necesse
721 2734 772 2796 cst
802 2729 935 2817 cuique,
968 2751 1058 2814 eum,
1090 2730 1118 2796 si
1149 2730 1247 2796 verba
1278 2750 1299 2795 a
1330 2751 1381 2797 me

87 2871 88 2881 ¹
135 2862 208 2933 supra
238 2849 272 2915 in
307 2849 427 2916 crimen
461 2853 576 2916 uocata
608 2848 758 2934 vidisset,
795 2849 892 2915 etiam
923 2868 962 2916 eo
992 2847 1093 2916 fuisse
1124 2855 1380 2933 provocaturum

87 2989 88 2997 ¹
134 2962 239 3035 incedit
261 2973 300 3035 ut
321 2968 438 3053 capitis
459 2968 543 3034 initii
565 2969 676 3054 spuria
698 2974 819 3036 natura
841 2968 967 3054 egregIe
987 2967 1159 3036 denotetur
1173 2968 1381 3054 paragrapho

133 3081 236 3165 olima,
263 3107 349 3173 quae
370 3107 436 3154 non
459 3087 562 3154 solum
584 3088 684 3155 rerba
707 3088 889 3174 proscripta
912 3092 949 3153 ut
970 3087 1068 3173 plane
1092 3086 1258 3154 abundent
1281 3107 1380 3154 causa

133 3208 173 3280 cst,
193 3206 247 3274 sed
261 3207 378 3292 etiam,
400 3227 509 3274 rerum
525 3206 686 3275 scribendi
700 3205 895 3292 Thucydidis
911 3206 1050 3274 colorem
1066 3206 1236 3292 exhibens,
1253 3210 1379 3273 tantum

133 3318 204 3391 ducet
224 3331 390 3394 auctorem
412 3326 564 3394 habuisse
586 3326 621 3393 iu
645 3327 750 3394 animo
766 3325 865 3393 totius
881 3325 958 3393 belli
975 3325 1177 3393 conscribere
1194 3325 1379 3408 historiam,

133 3444 197 3523 quod
226 3451 335 3513 autem
365 3445 534 3514 consilium
564 3445 736 3530 quominus
768 3445 809 3512 sit
838 3451 1006 3530 peractum
1036 3464 1123 3511 mors
1145 3444 1309 3529 impedivit
1330 3444 1379 3510 in·

133 3561 308 3648 tempestiva.
354 3563 581 3632 Minutiorihus
616 3585 700 3650 quae
735 3585 785 3631 me
818 3564 852 3630 in
887 3563 1004 3649 spuriis
1040 3561 1207 3631 offendunt
1238 3562 1381 3641 omissio,

133 3673 279 3750 lechonem
308 3682 394 3750 hunc
423 3683 457 3750 in
481 3684 610 3751 modum
633 3684 812 3751 constituo:
836 3685 878 3768 (c.
904 3683 947 3750 25
970 3680 1056 3765 finis)
1081 3682 1185 3748 ἔπειτα
1208 3682 1306 3756 μέντοι
1331 3681 1381 3747 καί

132 3798 356 3879 θνογκασθέντας
386 3809 475 3869 λῦσαι
506 3805 562 3879 τοὶς
594 3805 676 3882 μετα
705 3805 747 3870 τίι
778 3803 848 3868 δέκα
878 3804 928 3879 έτη
951 3802 1077 3876 σπονδίις
1101 3799 1179 3874 αὖθις
1202 3804 1231 3875 ές
1254 3801 1382 3880 πόλεμον

132 3920 232 4003 Φονερθν
263 3922 451 3999 κατέστησαν
488 3922 738 4014 [γέγραφε
761 3923 941 4010 χειμῶνας],
974 3922 1063 4004 μέχρι
1093 3919 1127 3988 ού
1155 3922 1208 3998 τήν
1229 3946 1264 3986 τε
1285 3922 1381 4004 οὶρχίρν

130 4042 304 4109 κατέπαυσαν
334 4048 391 4108 τῶν
420 4045 575 4120 Ἀθηναίων
606 4043 827 4120 Λακεδαιμθνιυι
858 4044 919 4110 κτέ.
966 4041 1050 4108 Ecce
1081 4062 1099 4108 e
1127 4040 1274 4126 pluribus
1300 4041 1380 4108 locis

129 4175 210 4240 urus,
244 4162 301 4246 qui
334 4161 539 4230 librariorum
573 4163 711 4230 audacia
744 4163 873 4249 penitus
904 4167 955 4229 est
985 4165 1168 4246 corruptus.
1215 4159 1306 4237 Quod
1338 4158 1380 4227 ad

127 4279 277 4365 scriptoris
300 4281 445 4349 codicum
468 4283 584 4350 attinet
606 4283 764 4369 pretium,
788 4283 823 4350 in
845 4281 936 4350 libris
958 4280 1119 4366 prioribus
1136 4301 1193 4348 sex
1208 4279 1380 4347 discrimen

87 4462 89 4467 .
126 4396 177 4466 nisi
197 4406 350 4489 pertenue
374 4406 423 4470 est
445 4401 775 4473 animadvertendum.
822 4401 912 4470 Licet
935 4401 1032 4468 etiam
1054 4399 1168 4468 inillis
1184 4398 1380 4482 Vaticanus,

1247 4517 1280 4575 ιε
