<?xml version="1.0" encoding="UTF-8"?>
<!DOCTYPE html PUBLIC "-//W3C//DTD XHTML 1.0 Transitional//EN"
    "http://www.w3.org/TR/xhtml1/DTD/xhtml1-transitional.dtd">
<html xmlns="http://www.w3.org/1999/xhtml" xml:lang="en" lang="en">
 <head>
  <title>
</title>
<meta http-equiv="Content-Type" content="text/html;charset=utf-8" />
  <meta name='ocr-system' content='tesseract 3.04.00' />
  <meta name='ocr-capabilities' content='ocr_page ocr_carea ocr_par ocr_line ocrx_word'/>
</head>
<body>
  <div class='ocr_page' id='page_1' title='image "./dethucydidisvat01vallgoog_0036.png"; bbox 0 0 3000 4920; ppageno 0'>
   <div class='ocr_carea' id='block_1_1' title="bbox 726 328 768 394">
    <p class='ocr_par' dir='ltr' id='par_1_1' title="bbox 726 328 768 394">
     <span class='ocr_line' id='line_1_1' title="bbox 726 328 768 394; baseline 0.024 -1"><span class='ocrx_word' id='word_1_1' title='bbox 726 328 768 394; x_wconf 79' lang='lat'><strong>15</strong></span> 
     </span>
    </p>
   </div>
   <div class='ocr_carea' id='block_1_2' title="bbox 107 560 1383 1490">
    <p class='ocr_par' dir='ltr' id='par_1_2' title="bbox 107 560 1383 1370">
     <span class='ocr_line' id='line_1_2' title="bbox 149 560 1381 653; baseline -0.004 -24"><span class='ocrx_word' id='word_1_2' title='bbox 149 561 230 653; x_wconf 60' lang='lat' dir='ltr'><strong>§b</strong></span> <span class='ocrx_word' id='word_1_3' title='bbox 255 564 350 652; x_wconf 82' lang='lat' dir='ltr'><strong>Vulg.</strong></span> <span class='ocrx_word' id='word_1_4' title='bbox 382 568 431 632; x_wconf 75' lang='grc' dir='ltr'><strong><em>ιιοιὶ</em></strong></span> <span class='ocrx_word' id='word_1_5' title='bbox 462 568 570 633; x_wconf 73' lang='grc' dir='ltr'><strong><em>τούτων</em></strong></span> <span class='ocrx_word' id='word_1_6' title='bbox 602 567 695 632; x_wconf 83' lang='grc' dir='ltr'><strong><em>πολὺ</em></strong></span> <span class='ocrx_word' id='word_1_7' title='bbox 725 566 833 648; x_wconf 73' lang='grc' dir='ltr'><strong><em>μέρος</em></strong></span> <span class='ocrx_word' id='word_1_8' title='bbox 856 565 1061 646; x_wconf 71' lang='grc' dir='ltr'><strong>χειροτέχναι,</strong></span> <span class='ocrx_word' id='word_1_9' title='bbox 1087 582 1186 647; x_wconf 81' lang='lat' dir='ltr'><strong>quem</strong></span> <span class='ocrx_word' id='word_1_10' title='bbox 1208 560 1381 627; x_wconf 80' lang='lat' dir='ltr'><strong>lectionem</strong></span> 
     </span>
     <span class='ocr_line' id='line_1_3' title="bbox 107 680 1382 776; baseline -0.003 -27"><span class='ocrx_word' id='word_1_11' title='bbox 107 681 285 752; x_wconf 82' lang='lat' dir='ltr'><strong>Glaescnue</strong></span> <span class='ocrx_word' id='word_1_12' title='bbox 323 708 451 774; x_wconf 86' lang='lat' dir='ltr'><strong>qnoque</strong></span> <span class='ocrx_word' id='word_1_13' title='bbox 483 691 626 776; x_wconf 88' lang='lat' dir='ltr'><strong>recepit,</strong></span> <span class='ocrx_word' id='word_1_14' title='bbox 665 708 862 775; x_wconf 84' lang='lat' dir='ltr'><strong>quamquam</strong></span> <span class='ocrx_word' id='word_1_15' title='bbox 896 686 1091 753; x_wconf 73' lang='lat' dir='ltr'><strong>Vaticanum</strong></span> <span class='ocrx_word' id='word_1_16' title='bbox 1124 682 1209 750; x_wconf 85' lang='lat' dir='ltr'><strong>hanc</strong></span> <span class='ocrx_word' id='word_1_17' title='bbox 1243 680 1382 765; x_wconf 87' lang='lat' dir='ltr'><strong>scriptu·</strong></span> 
     </span>
     <span class='ocr_line' id='line_1_4' title="bbox 109 800 1383 889; baseline -0.002 -20"><span class='ocrx_word' id='word_1_18' title='bbox 109 821 179 870; x_wconf 80' lang='lat' dir='ltr'><strong>ram</strong></span> <span class='ocrx_word' id='word_1_19' title='bbox 212 803 363 874; x_wconf 86' lang='lat' dir='ltr'><strong>exhibere</strong></span> <span class='ocrx_word' id='word_1_20' title='bbox 392 807 474 877; x_wconf 83' lang='lat' dir='ltr'><strong>false</strong></span> <span class='ocrx_word' id='word_1_21' title='bbox 503 809 691 879; x_wconf 72' lang='lat' dir='ltr'><strong>arbitratur.</strong></span> <span class='ocrx_word' id='word_1_22' title='bbox 726 823 748 877; x_wconf 99' lang='grc' dir='ltr'><strong>Β</strong></span> <span class='ocrx_word' id='word_1_23' title='bbox 780 809 864 878; x_wconf 89' lang='lat' dir='ltr'><strong>enim</strong></span> <span class='ocrx_word' id='word_1_24' title='bbox 893 809 934 874; x_wconf 77' lang='grc' dir='ltr'><strong>τὸ</strong></span> <span class='ocrx_word' id='word_1_25' title='bbox 964 807 1058 871; x_wconf 83' lang='grc' dir='ltr'><strong><em>πολὺ</em></strong></span> <span class='ocrx_word' id='word_1_26' title='bbox 1089 803 1214 889; x_wconf 75' lang='grc' dir='ltr'><strong><em>μέρος,</em></strong></span> <span class='ocrx_word' id='word_1_27' title='bbox 1237 800 1325 888; x_wconf 91' lang='lat' dir='ltr'><strong>quod</strong></span> <span class='ocrx_word' id='word_1_28' title='bbox 1349 805 1383 867; x_wconf 87' lang='lat' dir='ltr'><strong>ct</strong></span> 
     </span>
     <span class='ocr_line' id='line_1_5' title="bbox 109 921 1382 1016; baseline -0.003 -26"><span class='ocrx_word' id='word_1_29' title='bbox 109 921 284 991; x_wconf 71' lang='lat' dir='ltr'><strong>Glareanus</strong></span> <span class='ocrx_word' id='word_1_30' title='bbox 305 925 424 995; x_wconf 73' lang='lat' dir='ltr'><strong>refellit</strong></span> <span class='ocrx_word' id='word_1_31' title='bbox 445 936 479 997; x_wconf 88' lang='lat' dir='ltr'><strong>et</strong></span> <span class='ocrx_word' id='word_1_32' title='bbox 500 935 577 997; x_wconf 83' lang='lat' dir='ltr'><strong>ante</strong></span> <span class='ocrx_word' id='word_1_33' title='bbox 599 951 674 997; x_wconf 86' lang='lat' dir='ltr'><strong>eum</strong></span> <span class='ocrx_word' id='word_1_34' title='bbox 691 931 762 1016; x_wconf 87' lang='lat' dir='ltr'><strong>jam</strong></span> <span class='ocrx_word' id='word_1_35' title='bbox 785 927 953 1014; x_wconf 88' lang='lat' dir='ltr'><strong>Poppo¹):</strong></span> <span class='ocrx_word' id='word_1_36' title='bbox 988 973 1087 1007; x_wconf 83' lang='lat'><strong>.....</strong></span> <span class='ocrx_word' id='word_1_37' title='bbox 1110 921 1282 989; x_wconf 89' lang='lat' dir='ltr'><strong>articulum</strong></span> <span class='ocrx_word' id='word_1_38' title='bbox 1306 925 1382 987; x_wconf 88' lang='lat' dir='ltr'><strong>ante</strong></span> 
     </span>
     <span class='ocr_line' id='line_1_6' title="bbox 110 1034 1383 1133; baseline 0.001 -27"><span class='ocrx_word' id='word_1_39' title='bbox 110 1042 186 1107; x_wconf 82' lang='grc' dir='ltr'><strong><em>πολὺ</em></strong></span> <span class='ocrx_word' id='word_1_40' title='bbox 211 1043 295 1124; x_wconf 72' lang='grc' dir='ltr'><strong><em>μέρος</em></strong></span> <span class='ocrx_word' id='word_1_41' title='bbox 317 1034 461 1133; x_wconf 77' lang='lat' dir='ltr'><strong>addidit,</strong></span> <span class='ocrx_word' id='word_1_42' title='bbox 484 1046 579 1126; x_wconf 88' lang='lat' dir='ltr'><strong>licet,</strong></span> <span class='ocrx_word' id='word_1_43' title='bbox 602 1069 660 1114; x_wconf 87' lang='lat' dir='ltr'><strong>cur</strong></span> <span class='ocrx_word' id='word_1_44' title='bbox 673 1046 720 1113; x_wconf 92' lang='lat' dir='ltr'><strong>ibi</strong></span> <span class='ocrx_word' id='word_1_45' title='bbox 733 1047 843 1132; x_wconf 93' lang='lat' dir='ltr'><strong>potius</strong></span> <span class='ocrx_word' id='word_1_46' title='bbox 859 1044 1027 1127; x_wconf 75' lang='lat' dir='ltr'><strong>monimo,</strong></span> <span class='ocrx_word' id='word_1_47' title='bbox 1050 1061 1150 1127; x_wconf 86' lang='lat' dir='ltr'><strong>quam</strong></span> <span class='ocrx_word' id='word_1_48' title='bbox 1163 1060 1289 1128; x_wconf 72' lang='lat' dir='ltr'><strong>meone</strong></span> <span class='ocrx_word' id='word_1_49' title='bbox 1303 1060 1383 1128; x_wconf 82' lang='lat' dir='ltr'><strong>porr</strong></span> 
     </span>
     <span class='ocr_line' id='line_1_7' title="bbox 111 1160 1381 1251; baseline -0.003 -22"><span class='ocrx_word' id='word_1_50' title='bbox 111 1160 283 1229; x_wconf 87' lang='lat' dir='ltr'><strong>dicendum</strong></span> <span class='ocrx_word' id='word_1_51' title='bbox 313 1163 373 1241; x_wconf 87' lang='lat' dir='ltr'><strong>sit,</strong></span> <span class='ocrx_word' id='word_1_52' title='bbox 403 1164 510 1232; x_wconf 92' lang='lat' dir='ltr'><strong>animo</strong></span> <span class='ocrx_word' id='word_1_53' title='bbox 532 1185 598 1232; x_wconf 91' lang='lat' dir='ltr'><strong>non</strong></span> <span class='ocrx_word' id='word_1_54' title='bbox 620 1161 868 1251; x_wconf 88' lang='lat' dir='ltr'><strong>concipiamus”.</strong></span> <span class='ocrx_word' id='word_1_55' title='bbox 915 1162 1011 1229; x_wconf 84' lang='lat' dir='ltr'><strong>Valla</strong></span> <span class='ocrx_word' id='word_1_56' title='bbox 1034 1166 1139 1228; x_wconf 89' lang='lat' dir='ltr'><strong>recte:</strong></span> <span class='ocrx_word' id='word_1_57' title='bbox 1165 1180 1290 1247; x_wconf 82' lang='lat' dir='ltr'><strong>„caque</strong></span> <span class='ocrx_word' id='word_1_58' title='bbox 1314 1180 1381 1226; x_wconf 89' lang='lat' dir='ltr'><strong>ma·</strong></span> 
     </span>
     <span class='ocr_line' id='line_1_8' title="bbox 112 1279 959 1370; baseline -0.001 -21"><span class='ocrx_word' id='word_1_59' title='bbox 112 1279 242 1349; x_wconf 80' lang='lat' dir='ltr'><strong>nunties</strong></span> <span class='ocrx_word' id='word_1_60' title='bbox 264 1287 351 1349; x_wconf 85' lang='lat' dir='ltr'><strong>artos</strong></span> <span class='ocrx_word' id='word_1_61' title='bbox 374 1304 515 1370; x_wconf 80' lang='lat' dir='ltr'><strong>magna</strong></span> <span class='ocrx_word' id='word_1_62' title='bbox 537 1305 583 1352; x_wconf 85' lang='lat' dir='ltr'><strong>ex</strong></span> <span class='ocrx_word' id='word_1_63' title='bbox 605 1290 724 1370; x_wconf 83' lang='lat' dir='ltr'><strong>parte</strong></span> <span class='ocrx_word' id='word_1_64' title='bbox 746 1279 959 1350; x_wconf 77' lang='lat' dir='ltr'><strong>lacfitantia”.</strong></span> 
     </span>
    </p>

    <p class='ocr_par' dir='ltr' id='par_1_3' title="bbox 155 1398 1380 1490">
     <span class='ocr_line' id='line_1_9' title="bbox 155 1398 1380 1490; baseline -0.002 -22"><span class='ocrx_word' id='word_1_65' title='bbox 155 1401 235 1469; x_wconf 87' lang='lat' dir='ltr'><strong>lbid</strong></span> <span class='ocrx_word' id='word_1_66' title='bbox 257 1403 351 1490; x_wconf 77' lang='lat' dir='ltr'><strong>Vulg.</strong></span> <span class='ocrx_word' id='word_1_67' title='bbox 374 1404 477 1472; x_wconf 73' lang='grc' dir='ltr'><strong><em>πιένπιι</em></strong></span> <span class='ocrx_word' id='word_1_68' title='bbox 497 1405 663 1484; x_wconf 74' lang='grc' dir='ltr'><strong><em>ἀπολώλει,</em></strong></span> <span class='ocrx_word' id='word_1_69' title='bbox 687 1419 711 1473; x_wconf 90' lang='grc' dir='ltr'><strong>Β</strong></span> <span class='ocrx_word' id='word_1_70' title='bbox 732 1405 889 1471; x_wconf 72' lang='grc' dir='ltr'><strong><em>οὶπολιόλει</em></strong></span> <span class='ocrx_word' id='word_1_71' title='bbox 905 1403 1024 1482; x_wconf 73' lang='grc' dir='ltr'><strong><em>πάνπιι,</em></strong></span> <span class='ocrx_word' id='word_1_72' title='bbox 1047 1402 1103 1487; x_wconf 86' lang='lat' dir='ltr'><strong>qui</strong></span> <span class='ocrx_word' id='word_1_73' title='bbox 1117 1400 1286 1469; x_wconf 79' lang='lat' dir='ltr'><strong>verborum</strong></span> <span class='ocrx_word' id='word_1_74' title='bbox 1301 1398 1380 1466; x_wconf 89' lang='lat' dir='ltr'><strong>ordo</strong></span> 
     </span>
    </p>
   </div>
   <div class='ocr_carea' id='block_1_3' title="bbox 72 1521 1175 1775">
    <p class='ocr_par' dir='ltr' id='par_1_4' title="bbox 72 1521 1175 1775">
     <span class='ocr_line' id='line_1_10' title="bbox 116 1521 1097 1611; baseline 0.001 -24"><span class='ocrx_word' id='word_1_75' title='bbox 116 1521 251 1601; x_wconf 77' lang='lat' dir='ltr'><strong>arridet3</strong></span> <span class='ocrx_word' id='word_1_76' title='bbox 272 1521 379 1590; x_wconf 78' lang='lat' dir='ltr'><strong>imma</strong></span> <span class='ocrx_word' id='word_1_77' title='bbox 401 1529 509 1592; x_wconf 83' lang='lat' dir='ltr'><strong>autem</strong></span> <span class='ocrx_word' id='word_1_78' title='bbox 532 1525 638 1604; x_wconf 79' lang='lat' dir='ltr'><strong>verbi,</strong></span> <span class='ocrx_word' id='word_1_79' title='bbox 662 1525 836 1611; x_wconf 67' lang='grc' dir='ltr'><strong><em>ἀπολώλει,</em></strong></span> <span class='ocrx_word' id='word_1_80' title='bbox 860 1529 1013 1610; x_wconf 82' lang='lat' dir='ltr'><strong>corrupta</strong></span> <span class='ocrx_word' id='word_1_81' title='bbox 1037 1528 1097 1589; x_wconf 89' lang='lat' dir='ltr'><strong>est.</strong></span> 
     </span>
     <span class='ocr_line' id='line_1_11' title="bbox 72 1638 1175 1775; baseline -0.003 -66"><span class='ocrx_word' id='word_1_82' title='bbox 72 1682 93 1775; x_wconf 45' lang='lat' dir='ltr'><strong>h</strong></span> <span class='ocrx_word' id='word_1_83' title='bbox 158 1638 348 1728; x_wconf 74' lang='lat' dir='ltr'><strong>lbiqutg.</strong></span> <span class='ocrx_word' id='word_1_84' title='bbox 371 1642 422 1708; x_wconf 76' lang='lat' dir='ltr'><strong>rui</strong></span> <span class='ocrx_word' id='word_1_85' title='bbox 445 1642 809 1725; x_wconf 51' lang='lat' dir='ltr'><strong>terebrantem.</strong></span> <span class='ocrx_word' id='word_1_86' title='bbox 856 1642 1037 1728; x_wconf 82' lang='lat' dir='ltr'><strong>Utrumque</strong></span> <span class='ocrx_word' id='word_1_87' title='bbox 1059 1640 1175 1727; x_wconf 81' lang='lat' dir='ltr'><strong>placet.</strong></span> 
     </span>
    </p>
   </div>
   <div class='ocr_carea' id='block_1_4' title="bbox 73 1877 1434 4237">
    <p class='ocr_par' dir='ltr' id='par_1_5' title="bbox 73 1877 1381 2087">
     <span class='ocr_line' id='line_1_12' title="bbox 73 1877 1380 1972; baseline -0.005 -24"><span class='ocrx_word' id='word_1_88' title='bbox 73 1880 75 1905; x_wconf 79' lang='lat'><strong>²</strong></span> <span class='ocrx_word' id='word_1_89' title='bbox 160 1879 263 1965; x_wconf 83' lang='lat' dir='ltr'><strong>Caput</strong></span> <span class='ocrx_word' id='word_1_90' title='bbox 288 1881 331 1946; x_wconf 80' lang='lat'><strong>28</strong></span> <span class='ocrx_word' id='word_1_91' title='bbox 362 1879 386 1972; x_wconf 65' lang='grc' dir='ltr'>ξ</span> <span class='ocrx_word' id='word_1_92' title='bbox 411 1884 439 1948; x_wconf 91' lang='grc'><strong>1.</strong></span> <span class='ocrx_word' id='word_1_93' title='bbox 472 1881 536 1950; x_wconf 92' lang='lat' dir='ltr'><strong>Pro</strong></span> <span class='ocrx_word' id='word_1_94' title='bbox 566 1882 648 1948; x_wconf 76' lang='grc' dir='ltr'><strong><em>ιιιιπὰ</em></strong></span> <span class='ocrx_word' id='word_1_95' title='bbox 677 1891 735 1960; x_wconf 74' lang='grc' dir='ltr'><strong>γῆν</strong></span> <span class='ocrx_word' id='word_1_96' title='bbox 764 1901 875 1949; x_wconf 89' lang='lat' dir='ltr'><strong>omnes</strong></span> <span class='ocrx_word' id='word_1_97' title='bbox 906 1880 982 1947; x_wconf 90' lang='lat' dir='ltr'><strong>libri</strong></span> <span class='ocrx_word' id='word_1_98' title='bbox 1011 1877 1163 1946; x_wconf 78' lang='lat' dir='ltr'><strong>exhibent</strong></span> <span class='ocrx_word' id='word_1_99' title='bbox 1191 1877 1274 1944; x_wconf 76' lang='grc' dir='ltr'><strong><em>ιιιιπιὶ</em></strong></span> <span class='ocrx_word' id='word_1_100' title='bbox 1304 1882 1380 1955; x_wconf 73' lang='grc' dir='ltr'><strong><em>γῆς,</em></strong></span> 
     </span>
     <span class='ocr_line' id='line_1_13' title="bbox 124 1997 1381 2087; baseline -0.002 -21"><span class='ocrx_word' id='word_1_101' title='bbox 124 2019 199 2084; x_wconf 86' lang='lat' dir='ltr'><strong>quae</strong></span> <span class='ocrx_word' id='word_1_102' title='bbox 229 2000 325 2067; x_wconf 83' lang='lat' dir='ltr'><strong>verba</strong></span> <span class='ocrx_word' id='word_1_103' title='bbox 354 2001 587 2070; x_wconf 81' lang='lat' dir='ltr'><strong>Heruerdcnus</strong></span> <span class='ocrx_word' id='word_1_104' title='bbox 616 2000 806 2087; x_wconf 81' lang='lat' dir='ltr'><strong>proscripsit</strong></span> <span class='ocrx_word' id='word_1_105' title='bbox 828 2019 932 2084; x_wconf 88' lang='lat' dir='ltr'><strong>neque</strong></span> <span class='ocrx_word' id='word_1_106' title='bbox 954 1997 1050 2065; x_wconf 82' lang='lat' dir='ltr'><strong>Valla</strong></span> <span class='ocrx_word' id='word_1_107' title='bbox 1072 1997 1214 2065; x_wconf 87' lang='lat' dir='ltr'><strong>rettulit:</strong></span> <span class='ocrx_word' id='word_1_108' title='bbox 1253 1997 1381 2077; x_wconf 81' lang='lat' dir='ltr'><strong>„Etiam</strong></span> 
     </span>
    </p>

    <p class='ocr_par' dir='ltr' id='par_1_6' title="bbox 73 2113 1380 2325">
     <span class='ocr_line' id='line_1_14' title="bbox 73 2113 1380 2207; baseline -0.002 -22"><span class='ocrx_word' id='word_1_109' title='bbox 73 2174 75 2197; x_wconf 88' lang='grc'>,</span> <span class='ocrx_word' id='word_1_110' title='bbox 126 2125 308 2187; x_wconf 84' lang='lat' dir='ltr'><strong>commentus</strong></span> <span class='ocrx_word' id='word_1_111' title='bbox 331 2121 387 2205; x_wconf 89' lang='lat' dir='ltr'><strong>qui</strong></span> <span class='ocrx_word' id='word_1_112' title='bbox 407 2121 498 2207; x_wconf 93' lang='lat' dir='ltr'><strong>priue</strong></span> <span class='ocrx_word' id='word_1_113' title='bbox 522 2141 562 2188; x_wconf 86' lang='lat' dir='ltr'><strong>ex</strong></span> <span class='ocrx_word' id='word_1_114' title='bbox 584 2119 718 2188; x_wconf 80' lang='lat' dir='ltr'><strong>Euboea</strong></span> <span class='ocrx_word' id='word_1_115' title='bbox 738 2140 798 2206; x_wconf 87' lang='lat' dir='ltr'><strong>por</strong></span> <span class='ocrx_word' id='word_1_116' title='bbox 814 2119 984 2187; x_wconf 75' lang='lat' dir='ltr'><strong>Deceleam</strong></span> <span class='ocrx_word' id='word_1_117' title='bbox 1000 2117 1144 2184; x_wconf 81' lang='lat' dir='ltr'><strong>breviore</strong></span> <span class='ocrx_word' id='word_1_118' title='bbox 1159 2117 1210 2184; x_wconf 81' lang='lat' dir='ltr'><strong>via</strong></span> <span class='ocrx_word' id='word_1_119' title='bbox 1225 2113 1380 2184; x_wconf 76' lang='lat' dir='ltr'><strong>subvehe-</strong></span> 
     </span>
     <span class='ocr_line' id='line_1_15' title="bbox 126 2236 329 2325; baseline 0.02 -20"><span class='ocrx_word' id='word_1_120' title='bbox 126 2236 210 2306; x_wconf 88' lang='lat' dir='ltr'><strong>butnr</strong></span> <span class='ocrx_word' id='word_1_121' title='bbox 230 2237 329 2325; x_wconf 86' lang='lat' dir='ltr'><strong>sqq.&#39;&#39;.</strong></span> 
     </span>
    </p>

    <p class='ocr_par' dir='ltr' id='par_1_7' title="bbox 123 2355 1434 4110">
     <span class='ocr_line' id='line_1_16' title="bbox 163 2355 1380 2447; baseline -0.004 -24"><span class='ocrx_word' id='word_1_122' title='bbox 163 2355 185 2447; x_wconf 65' lang='grc' dir='ltr'>ξ</span> <span class='ocrx_word' id='word_1_123' title='bbox 206 2359 235 2424; x_wconf 83' lang='grc'><strong>2.</strong></span> <span class='ocrx_word' id='word_1_124' title='bbox 258 2358 353 2445; x_wconf 84' lang='lat' dir='ltr'><strong>Vulg.</strong></span> <span class='ocrx_word' id='word_1_125' title='bbox 381 2361 433 2434; x_wconf 70' lang='grc' dir='ltr'><strong>πὴν</strong></span> <span class='ocrx_word' id='word_1_126' title='bbox 456 2359 486 2425; x_wconf 71' lang='grc' dir='ltr'><strong>δὲ</strong></span> <span class='ocrx_word' id='word_1_127' title='bbox 509 2359 602 2426; x_wconf 69' lang='lat' dir='ltr'><strong>odera</strong></span> <span class='ocrx_word' id='word_1_128' title='bbox 623 2360 673 2426; x_wconf 81' lang='grc' dir='ltr'><strong><em>κοιὶ</em></strong></span> <span class='ocrx_word' id='word_1_129' title='bbox 696 2358 870 2438; x_wconf 75' lang='grc' dir='ltr'><strong><em>ξύμπαντες</em></strong></span> <span class='ocrx_word' id='word_1_130' title='bbox 893 2360 972 2436; x_wconf 68' lang='grc' dir='ltr'><strong><em>πλὴν</em></strong></span> <span class='ocrx_word' id='word_1_131' title='bbox 993 2363 1049 2424; x_wconf 77' lang='grc' dir='ltr'><strong>πῶν</strong></span> <span class='ocrx_word' id='word_1_132' title='bbox 1071 2356 1183 2422; x_wconf 78' lang='grc' dir='ltr'><strong><em>ἱππέων</em></strong></span> <span class='ocrx_word' id='word_1_133' title='bbox 1205 2355 1230 2419; x_wconf 85' lang='grc' dir='ltr'><strong><em>οἱ</em></strong></span> <span class='ocrx_word' id='word_1_134' title='bbox 1253 2355 1308 2434; x_wconf 78' lang='grc' dir='ltr'><strong>μὲν</strong></span> <span class='ocrx_word' id='word_1_135' title='bbox 1330 2357 1380 2438; x_wconf 82' lang='grc' dir='ltr'><strong>ἐφ’</strong></span> 
     </span>
     <span class='ocr_line' id='line_1_17' title="bbox 128 2473 1380 2560; baseline 0.001 -19"><span class='ocrx_word' id='word_1_136' title='bbox 128 2473 211 2550; x_wconf 68' lang='grc' dir='ltr'><strong><em>ὅπλοις</em></strong></span> <span class='ocrx_word' id='word_1_137' title='bbox 240 2478 448 2557; x_wconf 77' lang='grc' dir='ltr'><strong><em>ποιούμενοι</em></strong></span> <span class='ocrx_word' id='word_1_138' title='bbox 478 2480 503 2545; x_wconf 79' lang='grc' dir='ltr'><strong><em>οἱ</em></strong></span> <span class='ocrx_word' id='word_1_139' title='bbox 525 2480 550 2545; x_wconf 74' lang='grc' dir='ltr'><strong>δ’</strong></span> <span class='ocrx_word' id='word_1_140' title='bbox 573 2481 621 2546; x_wconf 77' lang='grc' dir='ltr'><strong>ἐπὶ</strong></span> <span class='ocrx_word' id='word_1_141' title='bbox 653 2485 704 2547; x_wconf 79' lang='grc' dir='ltr'><strong><em>ποῦ</em></strong></span> <span class='ocrx_word' id='word_1_142' title='bbox 735 2484 853 2560; x_wconf 74' lang='grc' dir='ltr'><strong><em>τείχους</em></strong></span> <span class='ocrx_word' id='word_1_143' title='bbox 972 2479 1233 2556; x_wconf 71' lang='grc' dir='ltr'><strong><em>ἐταλαιπωροῦντο.</em></strong></span> <span class='ocrx_word' id='word_1_144' title='bbox 1267 2473 1380 2542; x_wconf 82' lang='grc' dir='ltr'><strong><em>Βπού.</em></strong></span> 
     </span>
     <span class='ocr_line' id='line_1_18' title="bbox 126 2593 1380 2688; baseline -0.001 -27"><span class='ocrx_word' id='word_1_145' title='bbox 126 2593 219 2664; x_wconf 79' lang='lat' dir='ltr'><strong>Valla:</strong></span> <span class='ocrx_word' id='word_1_146' title='bbox 241 2596 507 2678; x_wconf 72' lang='lat' dir='ltr'><strong>„Atheniensibus</strong></span> <span class='ocrx_word' id='word_1_147' title='bbox 522 2600 662 2669; x_wconf 87' lang='lat' dir='ltr'><strong>interdiu</strong></span> <span class='ocrx_word' id='word_1_148' title='bbox 677 2601 836 2688; x_wconf 84' lang='lat' dir='ltr'><strong>pervices</strong></span> <span class='ocrx_word' id='word_1_149' title='bbox 855 2601 897 2668; x_wconf 90' lang='lat' dir='ltr'><strong>ad</strong></span> <span class='ocrx_word' id='word_1_150' title='bbox 911 2601 1028 2687; x_wconf 87' lang='lat' dir='ltr'><strong>pinnae</strong></span> <span class='ocrx_word' id='word_1_151' title='bbox 1040 2619 1204 2666; x_wconf 89' lang='lat' dir='ltr'><strong>murorum</strong></span> <span class='ocrx_word' id='word_1_152' title='bbox 1215 2593 1380 2664; x_wconf 84' lang='lat' dir='ltr'><strong>excuban-</strong></span> 
     </span>
     <span class='ocr_line' id='line_1_19' title="bbox 125 2712 1380 2807; baseline 0.002 -28"><span class='ocrx_word' id='word_1_153' title='bbox 125 2712 214 2796; x_wconf 89' lang='lat' dir='ltr'><strong>tibus,</strong></span> <span class='ocrx_word' id='word_1_154' title='bbox 235 2720 333 2785; x_wconf 87' lang='lat' dir='ltr'><strong>noctu</strong></span> <span class='ocrx_word' id='word_1_155' title='bbox 355 2717 519 2801; x_wconf 88' lang='lat' dir='ltr'><strong>omnibus,</strong></span> <span class='ocrx_word' id='word_1_156' title='bbox 541 2725 671 2806; x_wconf 85' lang='lat' dir='ltr'><strong>praetor</strong></span> <span class='ocrx_word' id='word_1_157' title='bbox 694 2720 828 2807; x_wconf 87' lang='lat' dir='ltr'><strong>equites</strong></span> <span class='ocrx_word' id='word_1_158' title='bbox 852 2721 905 2787; x_wconf 88' lang='lat' dir='ltr'><strong>Ita</strong></span> <span class='ocrx_word' id='word_1_159' title='bbox 925 2719 980 2787; x_wconf 87' lang='lat' dir='ltr'><strong>alii</strong></span> <span class='ocrx_word' id='word_1_160' title='bbox 1001 2718 1060 2786; x_wconf 92' lang='lat' dir='ltr'><strong>eub</strong></span> <span class='ocrx_word' id='word_1_161' title='bbox 1077 2718 1193 2796; x_wconf 88' lang='lat' dir='ltr'><strong>armis,</strong></span> <span class='ocrx_word' id='word_1_162' title='bbox 1211 2717 1268 2784; x_wconf 88' lang='lat' dir='ltr'><strong>alii</strong></span> <span class='ocrx_word' id='word_1_163' title='bbox 1283 2736 1380 2801; x_wconf 87' lang='lat' dir='ltr'><strong>super</strong></span> 
     </span>
     <span class='ocr_line' id='line_1_20' title="bbox 123 2835 1378 2927; baseline 0.001 -27"><span class='ocrx_word' id='word_1_164' title='bbox 123 2842 237 2902; x_wconf 86' lang='lat' dir='ltr'><strong>nnroe&#39;.</strong></span> <span class='ocrx_word' id='word_1_165' title='bbox 247 2882 257 2902; x_wconf 86' lang='lat'><strong>.</strong></span> <span class='ocrx_word' id='word_1_166' title='bbox 269 2885 277 2900; x_wconf 92' lang='lat'><strong>.</strong></span> <span class='ocrx_word' id='word_1_167' title='bbox 290 2886 298 2902; x_wconf 92' lang='lat'><strong>.</strong></span> <span class='ocrx_word' id='word_1_168' title='bbox 310 2835 594 2906; x_wconf 84' lang='lat' dir='ltr'><strong>conficiebantur”.</strong></span> <span class='ocrx_word' id='word_1_169' title='bbox 610 2838 722 2920; x_wconf 80' lang='lat' dir='ltr'><strong>Valla,</strong></span> <span class='ocrx_word' id='word_1_170' title='bbox 740 2841 795 2927; x_wconf 85' lang='lat' dir='ltr'><strong>qui</strong></span> <span class='ocrx_word' id='word_1_171' title='bbox 810 2860 981 2927; x_wconf 79' lang='lat' dir='ltr'><strong>perperam</strong></span> <span class='ocrx_word' id='word_1_172' title='bbox 996 2838 1205 2924; x_wconf 82' lang='lat' dir='ltr'><strong>interpungit,</strong></span> <span class='ocrx_word' id='word_1_173' title='bbox 1222 2835 1303 2902; x_wconf 90' lang='lat' dir='ltr'><strong>nihil</strong></span> <span class='ocrx_word' id='word_1_174' title='bbox 1317 2855 1378 2901; x_wconf 91' lang='lat' dir='ltr'><strong>nos</strong></span> 
     </span>
     <span class='ocr_line' id='line_1_21' title="bbox 126 2947 1378 3043; baseline 0.003 -26"><span class='ocrx_word' id='word_1_175' title='bbox 126 2947 213 3020; x_wconf 86' lang='lat' dir='ltr'><strong>docet</strong></span> <span class='ocrx_word' id='word_1_176' title='bbox 235 2954 395 3040; x_wconf 82' lang='lat' dir='ltr'><strong>Equidem</strong></span> <span class='ocrx_word' id='word_1_177' title='bbox 417 2958 537 3043; x_wconf 92' lang='lat' dir='ltr'><strong>optimo</strong></span> <span class='ocrx_word' id='word_1_178' title='bbox 552 2959 635 3027; x_wconf 90' lang='lat' dir='ltr'><strong>libro</strong></span> <span class='ocrx_word' id='word_1_179' title='bbox 650 2958 746 3027; x_wconf 87' lang='lat' dir='ltr'><strong>fidem</strong></span> <span class='ocrx_word' id='word_1_180' title='bbox 761 2957 931 3027; x_wconf 83' lang='lat' dir='ltr'><strong>habiturus</strong></span> <span class='ocrx_word' id='word_1_181' title='bbox 950 2979 1037 3037; x_wconf 89' lang='lat' dir='ltr'><strong>sum,</strong></span> <span class='ocrx_word' id='word_1_182' title='bbox 1062 2957 1178 3042; x_wconf 91' lang='lat' dir='ltr'><strong>siquis</strong></span> <span class='ocrx_word' id='word_1_183' title='bbox 1194 2953 1378 3041; x_wconf 81' lang='lat' dir='ltr'><strong>probaverit</strong></span> 
     </span>
     <span class='ocr_line' id='line_1_22' title="bbox 123 3071 1378 3165; baseline 0 -26"><span class='ocrx_word' id='word_1_184' title='bbox 123 3072 190 3140; x_wconf 84' lang='lat' dir='ltr'><strong>nihi</strong></span> <span class='ocrx_word' id='word_1_185' title='bbox 217 3071 298 3140; x_wconf 68' lang='grc' dir='ltr'><strong><em>ὅπλιο</em></strong></span> <span class='ocrx_word' id='word_1_186' title='bbox 329 3075 510 3161; x_wconf 81' lang='lat' dir='ltr'><strong>significare</strong></span> <span class='ocrx_word' id='word_1_187' title='bbox 540 3099 637 3165; x_wconf 85' lang='lat' dir='ltr'><strong>poseo</strong></span> <span class='ocrx_word' id='word_1_188' title='bbox 670 3077 808 3160; x_wconf 85' lang='lat' dir='ltr'><strong>„statio”</strong></span> <span class='ocrx_word' id='word_1_189' title='bbox 838 3077 888 3145; x_wconf 85' lang='lat' dir='ltr'><strong>vol</strong></span> <span class='ocrx_word' id='word_1_190' title='bbox 922 3074 1125 3164; x_wconf 85' lang='lat' dir='ltr'><strong>„praesidia”</strong></span> <span class='ocrx_word' id='word_1_191' title='bbox 1152 3077 1185 3164; x_wconf 85' lang='lat' dir='ltr'><strong>(i</strong></span> <span class='ocrx_word' id='word_1_192' title='bbox 1209 3097 1235 3144; x_wconf 92' lang='lat' dir='ltr'><strong>e.</strong></span> <span class='ocrx_word' id='word_1_193' title='bbox 1258 3074 1378 3143; x_wconf 78' lang='lat' dir='ltr'><strong>wacht-</strong></span> 
     </span>
     <span class='ocr_line' id='line_1_23' title="bbox 123 3189 1434 3285; baseline 0 -27"><span class='ocrx_word' id='word_1_194' title='bbox 123 3189 213 3280; x_wconf 83' lang='lat' dir='ltr'><strong>poet);</strong></span> <span class='ocrx_word' id='word_1_195' title='bbox 239 3193 386 3273; x_wconf 83' lang='lat' dir='ltr'><strong>„cestra”</strong></span> <span class='ocrx_word' id='word_1_196' title='bbox 409 3197 511 3285; x_wconf 86' lang='lat' dir='ltr'><strong>enim,</strong></span> <span class='ocrx_word' id='word_1_197' title='bbox 534 3218 599 3284; x_wconf 88' lang='lat' dir='ltr'><strong>quo</strong></span> <span class='ocrx_word' id='word_1_198' title='bbox 622 3218 717 3265; x_wconf 91' lang='lat' dir='ltr'><strong>seusu</strong></span> <span class='ocrx_word' id='word_1_199' title='bbox 739 3197 900 3264; x_wconf 81' lang='lat' dir='ltr'><strong>invonitur</strong></span> <span class='ocrx_word' id='word_1_200' title='bbox 922 3195 1005 3263; x_wconf 73' lang='grc' dir='ltr'><strong><em>ὅπλον</em></strong></span> <span class='ocrx_word' id='word_1_201' title='bbox 1030 3193 1377 3280; x_wconf 84' lang='lat'>1,111‚1.3‚1,1.</span> <span class='ocrx_word' id='word_1_202' title='bbox 1431 3212 1434 3216; x_wconf 52' lang='lat'><em>⁴</em></span> 
     </span>
     <span class='ocr_line' id='line_1_24' title="bbox 125 3307 1375 3400; baseline 0 -21"><span class='ocrx_word' id='word_1_203' title='bbox 125 3307 155 3392; x_wconf 79' lang='grc'><strong>6,</strong></span> <span class='ocrx_word' id='word_1_204' title='bbox 175 3310 232 3398; x_wconf 87' lang='grc'><strong>64,</strong></span> <span class='ocrx_word' id='word_1_205' title='bbox 257 3313 305 3391; x_wconf 83' lang='grc'><strong>3.;</strong></span> <span class='ocrx_word' id='word_1_206' title='bbox 328 3334 394 3380; x_wconf 93' lang='lat' dir='ltr'><strong>non</strong></span> <span class='ocrx_word' id='word_1_207' title='bbox 417 3313 588 3399; x_wconf 88' lang='lat' dir='ltr'><strong>quadrat”.</strong></span> <span class='ocrx_word' id='word_1_208' title='bbox 611 3315 704 3396; x_wconf 80' lang='lat' dir='ltr'><strong>Quod</strong></span> <span class='ocrx_word' id='word_1_209' title='bbox 727 3317 789 3384; x_wconf 91' lang='lat' dir='ltr'><strong>uisi</strong></span> <span class='ocrx_word' id='word_1_210' title='bbox 811 3318 858 3384; x_wconf 86' lang='lat' dir='ltr'><strong>ita</strong></span> <span class='ocrx_word' id='word_1_211' title='bbox 881 3322 947 3398; x_wconf 86' lang='lat' dir='ltr'><strong>ost,</strong></span> <span class='ocrx_word' id='word_1_212' title='bbox 963 3318 1013 3399; x_wconf 76' lang='grc' dir='ltr'><strong>ἐφ’</strong></span> <span class='ocrx_word' id='word_1_213' title='bbox 1028 3313 1126 3389; x_wconf 76' lang='grc' dir='ltr'><strong><em>ὅπλοις</em></strong></span> <span class='ocrx_word' id='word_1_214' title='bbox 1143 3340 1198 3382; x_wconf 86' lang='grc' dir='ltr'><strong><em>που</em></strong></span> <span class='ocrx_word' id='word_1_215' title='bbox 1214 3315 1280 3400; x_wconf 88' lang='lat' dir='ltr'><strong>(hic</strong></span> <span class='ocrx_word' id='word_1_216' title='bbox 1294 3313 1375 3399; x_wconf 89' lang='lat' dir='ltr'><strong>illio)</strong></span> 
     </span>
     <span class='ocr_line' id='line_1_25' title="bbox 124 3431 1372 3522; baseline 0.004 -27"><span class='ocrx_word' id='word_1_217' title='bbox 124 3446 249 3513; x_wconf 80' lang='lat' dir='ltr'><strong>pugnare</strong></span> <span class='ocrx_word' id='word_1_218' title='bbox 272 3431 397 3500; x_wconf 84' lang='lat' dir='ltr'><strong>uidetur</strong></span> <span class='ocrx_word' id='word_1_219' title='bbox 419 3454 492 3502; x_wconf 92' lang='lat' dir='ltr'><strong>cnm</strong></span> <span class='ocrx_word' id='word_1_220' title='bbox 514 3454 622 3501; x_wconf 84' lang='lat' dir='ltr'><strong>rerum</strong></span> <span class='ocrx_word' id='word_1_221' title='bbox 646 3439 734 3502; x_wconf 87' lang='lat' dir='ltr'><strong>statu</strong></span> <span class='ocrx_word' id='word_1_222' title='bbox 756 3434 909 3522; x_wconf 82' lang='lat' dir='ltr'><strong>Athenis,</strong></span> <span class='ocrx_word' id='word_1_223' title='bbox 933 3455 1017 3520; x_wconf 87' lang='lat' dir='ltr'><strong>quae</strong></span> <span class='ocrx_word' id='word_1_224' title='bbox 1039 3434 1116 3502; x_wconf 88' lang='lat' dir='ltr'><strong>urbe</strong></span> <span class='ocrx_word' id='word_1_225' title='bbox 1140 3457 1206 3502; x_wconf 92' lang='lat' dir='ltr'><strong>non</strong></span> <span class='ocrx_word' id='word_1_226' title='bbox 1228 3434 1281 3501; x_wconf 92' lang='lat' dir='ltr'><strong>hic</strong></span> <span class='ocrx_word' id='word_1_227' title='bbox 1304 3434 1372 3500; x_wconf 89' lang='lat' dir='ltr'><strong>illic</strong></span> 
     </span>
     <span class='ocr_line' id='line_1_26' title="bbox 128 3549 1376 3642; baseline 0.003 -26"><span class='ocrx_word' id='word_1_228' title='bbox 128 3549 365 3631; x_wconf 72' lang='lat' dir='ltr'><strong>custodiebatur,</strong></span> <span class='ocrx_word' id='word_1_229' title='bbox 397 3553 454 3620; x_wconf 77' lang='lat' dir='ltr'><strong>eod</strong></span> <span class='ocrx_word' id='word_1_230' title='bbox 479 3554 545 3620; x_wconf 78' lang='grc' dir='ltr'><strong><em>οὶνπὶ</em></strong></span> <span class='ocrx_word' id='word_1_231' title='bbox 569 3560 621 3621; x_wconf 80' lang='grc' dir='ltr'><strong><em>ποῦ</em></strong></span> <span class='ocrx_word' id='word_1_232' title='bbox 644 3554 728 3629; x_wconf 74' lang='grc' dir='ltr'><strong><em>πόλις</em></strong></span> <span class='ocrx_word' id='word_1_233' title='bbox 750 3551 822 3621; x_wconf 73' lang='grc' dir='ltr'><strong><em>εἶνοιι</em></strong></span> <span class='ocrx_word' id='word_1_234' title='bbox 845 3555 972 3638; x_wconf 80' lang='grc' dir='ltr'><strong><em>Φρούριον</em></strong></span> <span class='ocrx_word' id='word_1_235' title='bbox 994 3556 1124 3631; x_wconf 67' lang='lat' dir='ltr'><strong>miore</strong></span> <span class='ocrx_word' id='word_1_236' title='bbox 1148 3557 1183 3642; x_wconf 68' lang='grc' dir='ltr'><strong>(ξ</strong></span> <span class='ocrx_word' id='word_1_237' title='bbox 1209 3557 1251 3639; x_wconf 90' lang='lat' dir='ltr'><strong>l).</strong></span> <span class='ocrx_word' id='word_1_238' title='bbox 1295 3554 1376 3622; x_wconf 87' lang='lat' dir='ltr'><strong>For·</strong></span> 
     </span>
     <span class='ocr_line' id='line_1_27' title="bbox 126 3669 1371 3761; baseline 0.001 -24"><span class='ocrx_word' id='word_1_239' title='bbox 126 3669 290 3739; x_wconf 77' lang='lat' dir='ltr'><strong>luteorum</strong></span> <span class='ocrx_word' id='word_1_240' title='bbox 321 3693 383 3740; x_wconf 85' lang='lat' dir='ltr'><strong>ecu</strong></span> <span class='ocrx_word' id='word_1_241' title='bbox 412 3673 517 3761; x_wconf 78' lang='lat' dir='ltr'><strong>tetigit</strong></span> <span class='ocrx_word' id='word_1_242' title='bbox 544 3674 744 3759; x_wconf 65' lang='lat' dir='ltr'><strong>hogerus,</strong></span> <span class='ocrx_word' id='word_1_243' title='bbox 775 3674 831 3760; x_wconf 85' lang='lat' dir='ltr'><strong>qui</strong></span> <span class='ocrx_word' id='word_1_244' title='bbox 862 3676 901 3742; x_wconf 86' lang='lat' dir='ltr'><strong>do</strong></span> <span class='ocrx_word' id='word_1_245' title='bbox 929 3673 1089 3742; x_wconf 88' lang='lat' dir='ltr'><strong>locutione</strong></span> <span class='ocrx_word' id='word_1_246' title='bbox 1113 3672 1205 3740; x_wconf 81' lang='grc' dir='ltr'><strong><em>νύιιπιο</em></strong></span> <span class='ocrx_word' id='word_1_247' title='bbox 1229 3674 1371 3740; x_wconf 76' lang='grc' dir='ltr'><strong><em>ποιεῑοοιιι</em></strong></span> 
     </span>
     <span class='ocr_line' id='line_1_28' title="bbox 130 3783 1371 3880; baseline 0.007 -31"><span class='ocrx_word' id='word_1_248' title='bbox 130 3783 181 3851; x_wconf 84' lang='lat' dir='ltr'><strong>tic:</strong></span> <span class='ocrx_word' id='word_1_249' title='bbox 214 3791 313 3871; x_wconf 80' lang='lat' dir='ltr'><strong>„doch</strong></span> <span class='ocrx_word' id='word_1_250' title='bbox 346 3793 391 3860; x_wconf 77' lang='lat' dir='ltr'><strong>ist</strong></span> <span class='ocrx_word' id='word_1_251' title='bbox 423 3793 583 3863; x_wconf 77' lang='lat' dir='ltr'><strong>vielleicht</strong></span> <span class='ocrx_word' id='word_1_252' title='bbox 612 3794 705 3862; x_wconf 78' lang='lat' dir='ltr'><strong>nv&#39;ure</strong></span> <span class='ocrx_word' id='word_1_253' title='bbox 736 3796 894 3880; x_wconf 71' lang='grc' dir='ltr'><strong><em>ποιεῖσθαι,</em></strong></span> <span class='ocrx_word' id='word_1_254' title='bbox 926 3793 996 3862; x_wconf 84' lang='lat' dir='ltr'><strong>eine</strong></span> <span class='ocrx_word' id='word_1_255' title='bbox 1027 3792 1134 3860; x_wconf 76' lang='lat' dir='ltr'><strong>Neehl</strong></span> <span class='ocrx_word' id='word_1_256' title='bbox 1162 3791 1371 3878; x_wconf 79' lang='lat' dir='ltr'><strong>hinbringen,</strong></span> 
     </span>
     <span class='ocr_line' id='line_1_29' title="bbox 132 3901 1373 3999; baseline 0.002 -26"><span class='ocrx_word' id='word_1_257' title='bbox 132 3901 205 3972; x_wconf 82' lang='lat' dir='ltr'><strong>nicht</strong></span> <span class='ocrx_word' id='word_1_258' title='bbox 229 3911 457 3981; x_wconf 84' lang='lat' dir='ltr'><strong>unstatthuit’&#39;.</strong></span> <span class='ocrx_word' id='word_1_259' title='bbox 503 3913 594 3992; x_wconf 84' lang='lat' dir='ltr'><strong>Quod</strong></span> <span class='ocrx_word' id='word_1_260' title='bbox 625 3914 654 3981; x_wconf 89' lang='lat' dir='ltr'><strong>ei</strong></span> <span class='ocrx_word' id='word_1_261' title='bbox 684 3934 793 3981; x_wconf 83' lang='lat' dir='ltr'><strong>verum</strong></span> <span class='ocrx_word' id='word_1_262' title='bbox 816 3918 883 3999; x_wconf 88' lang='lat' dir='ltr'><strong>eet,</strong></span> <span class='ocrx_word' id='word_1_263' title='bbox 906 3911 961 3980; x_wconf 84' lang='grc' dir='ltr'><strong><em>πού</em></strong></span> <span class='ocrx_word' id='word_1_264' title='bbox 982 3910 1058 3979; x_wconf 90' lang='lat' dir='ltr'><strong>libri</strong></span> <span class='ocrx_word' id='word_1_265' title='bbox 1080 3924 1103 3977; x_wconf 87' lang='grc' dir='ltr'><strong>Β</strong></span> <span class='ocrx_word' id='word_1_266' title='bbox 1127 3910 1300 3980; x_wconf 88' lang='lat' dir='ltr'><strong>correctori</strong></span> <span class='ocrx_word' id='word_1_267' title='bbox 1323 3915 1373 3978; x_wconf 91' lang='lat' dir='ltr'><strong>eet</strong></span> 
     </span>
     <span class='ocr_line' id='line_1_30' title="bbox 135 4021 362 4110; baseline 0.04 -22"><span class='ocrx_word' id='word_1_268' title='bbox 135 4021 362 4110; x_wconf 84' lang='lat' dir='ltr'><strong>relinquendum.</strong></span> 
     </span>
    </p>

    <p class='ocr_par' dir='ltr' id='par_1_8' title="bbox 171 4137 1372 4237">
     <span class='ocr_line' id='line_1_31' title="bbox 171 4137 1372 4237; baseline 0.002 -25"><span class='ocrx_word' id='word_1_269' title='bbox 171 4137 191 4228; x_wconf 66' lang='grc' dir='ltr'>ἓ</span> <span class='ocrx_word' id='word_1_270' title='bbox 208 4144 233 4208; x_wconf 81' lang='grc'><strong>3.</strong></span> <span class='ocrx_word' id='word_1_271' title='bbox 252 4145 341 4235; x_wconf 83' lang='lat' dir='ltr'><strong>Vulg.</strong></span> <span class='ocrx_word' id='word_1_272' title='bbox 364 4149 414 4214; x_wconf 82' lang='grc' dir='ltr'><strong><em>ιιιιὶ</em></strong></span> <span class='ocrx_word' id='word_1_273' title='bbox 430 4149 479 4216; x_wconf 75' lang='grc' dir='ltr'><strong><em>πον</em></strong></span> <span class='ocrx_word' id='word_1_274' title='bbox 495 4148 664 4232; x_wconf 73' lang='grc' dir='ltr'><strong><em>ποιριίλορον</em></strong></span> <span class='ocrx_word' id='word_1_275' title='bbox 679 4156 813 4217; x_wconf 83' lang='grc' dir='ltr'><strong><em>ποποῦπον</em></strong></span> <span class='ocrx_word' id='word_1_276' title='bbox 829 4151 950 4226; x_wconf 70' lang='grc' dir='ltr'><strong><em>ποιῆσαί</em></strong></span> <span class='ocrx_word' id='word_1_277' title='bbox 964 4151 1158 4237; x_wconf 69' lang='grc' dir='ltr'><strong><em>(Ἀθηναιους)</em></strong></span> <span class='ocrx_word' id='word_1_278' title='bbox 1173 4156 1232 4223; x_wconf 83' lang='grc' dir='ltr'><strong><em>τοῖς</em></strong></span> <span class='ocrx_word' id='word_1_279' title='bbox 1244 4149 1372 4226; x_wconf 80' lang='grc' dir='ltr'><strong><em>Ἔλλνοι</em></strong></span> 
     </span>
    </p>
   </div>
   <div class='ocr_carea' id='block_1_5' title="bbox 143 4301 354 4324">
    <p class='ocr_par' dir='ltr' id='par_1_9' title="bbox 143 4301 354 4324">
     <span class='ocr_line' id='line_1_32' title="bbox 143 4301 354 4324; baseline 0 0"><span class='ocrx_word' id='word_1_280' title='bbox 143 4301 354 4324; x_wconf 38' lang='grc' dir='ltr'><strong>,ἣξ-</strong></span> 
     </span>
    </p>
   </div>
   <div class='ocr_carea' id='block_1_6' title="bbox 167 4401 703 4481">
    <p class='ocr_par' dir='ltr' id='par_1_10' title="bbox 167 4401 703 4481">
     <span class='ocr_line' id='line_1_33' title="bbox 167 4401 703 4481; baseline 0.028 -29"><span class='ocrx_word' id='word_1_281' title='bbox 167 4401 191 4466; x_wconf 86' lang='lat' dir='ltr'><strong>ll</strong></span> <span class='ocrx_word' id='word_1_282' title='bbox 203 4409 227 4459; x_wconf 77' lang='lat' dir='ltr'><strong>ei</strong></span> <span class='ocrx_word' id='word_1_283' title='bbox 241 4411 326 4480; x_wconf 85' lang='lat' dir='ltr'><strong>Poppo.</strong></span> <span class='ocrx_word' id='word_1_284' title='bbox 346 4429 406 4479; x_wconf 82' lang='lat' dir='ltr'><strong>pars</strong></span> <span class='ocrx_word' id='word_1_285' title='bbox 423 4413 459 4464; x_wconf 86' lang='lat'><strong>11.</strong></span> <span class='ocrx_word' id='word_1_286' title='bbox 476 4414 524 4464; x_wconf 81' lang='lat' dir='ltr'><strong>vol.</strong></span> <span class='ocrx_word' id='word_1_287' title='bbox 542 4412 553 4463; x_wconf 92' lang='lat' dir='ltr'><strong>l</strong></span> <span class='ocrx_word' id='word_1_288' title='bbox 571 4428 628 4481; x_wconf 68' lang='lat' dir='ltr'><strong>pag.</strong></span> <span class='ocrx_word' id='word_1_289' title='bbox 646 4412 703 4466; x_wconf 70' lang='lat'><strong>134.</strong></span> 
     </span>
    </p>
   </div>
   <div class='ocr_carea' id='block_1_7' title="bbox 0 0 1505 4920">
    <p class='ocr_par' dir='ltr' id='par_1_11' title="bbox 0 0 1505 4920">
     <span class='ocr_line' id='line_1_34' title="bbox 0 0 1505 4920; baseline 0 0"><span class='ocrx_word' id='word_1_290' title='bbox 0 0 1505 4920; x_wconf 95' lang='lat' dir='ltr'><strong> </strong></span> 
     </span>
    </p>
   </div>
  </div>
 </body>
</html>
