<?xml version="1.0" encoding="UTF-8"?>
<!DOCTYPE html PUBLIC "-//W3C//DTD XHTML 1.0 Transitional//EN"
    "http://www.w3.org/TR/xhtml1/DTD/xhtml1-transitional.dtd">
<html xmlns="http://www.w3.org/1999/xhtml" xml:lang="en" lang="en">
 <head>
  <title>
</title>
<meta http-equiv="Content-Type" content="text/html;charset=utf-8" />
  <meta name='ocr-system' content='tesseract 3.04.00' />
  <meta name='ocr-capabilities' content='ocr_page ocr_carea ocr_par ocr_line ocrx_word'/>
</head>
<body>
  <div class='ocr_page' id='page_1' title='image "./dethucydidisvat01vallgoog_0076.png"; bbox 0 0 3000 4920; ppageno 0'>
   <div class='ocr_carea' id='block_1_1' title="bbox 735 301 779 368">
    <p class='ocr_par' dir='ltr' id='par_1_1' title="bbox 735 301 779 368">
     <span class='ocr_line' id='line_1_1' title="bbox 735 301 779 368; baseline 0.023 -1"><span class='ocrx_word' id='word_1_1' title='bbox 735 301 779 368; x_wconf 83' lang='lat'><strong>53</strong></span> 
     </span>
    </p>
   </div>
   <div class='ocr_carea' id='block_1_2' title="bbox 111 536 1393 1099">
    <p class='ocr_par' dir='ltr' id='par_1_2' title="bbox 111 536 1393 1099">
     <span class='ocr_line' id='line_1_2' title="bbox 111 536 1392 623; baseline -0.003 -17"><span class='ocrx_word' id='word_1_2' title='bbox 111 541 146 606; x_wconf 85' lang='lat' dir='ltr'><strong>et</strong></span> <span class='ocrx_word' id='word_1_3' title='bbox 178 537 432 618; x_wconf 87' lang='lat' dir='ltr'><strong>commeatum”,</strong></span> <span class='ocrx_word' id='word_1_4' title='bbox 462 537 591 605; x_wconf 84' lang='lat' dir='ltr'><strong>Reiskio</strong></span> <span class='ocrx_word' id='word_1_5' title='bbox 613 538 645 604; x_wconf 91' lang='lat' dir='ltr'><strong>in</strong></span> <span class='ocrx_word' id='word_1_6' title='bbox 669 542 820 623; x_wconf 89' lang='lat' dir='ltr'><strong>promptu</strong></span> <span class='ocrx_word' id='word_1_7' title='bbox 842 536 903 603; x_wconf 83' lang='lat' dir='ltr'><strong>fnit</strong></span> <span class='ocrx_word' id='word_1_8' title='bbox 926 557 986 622; x_wconf 87' lang='lat' dir='ltr'><strong>pro</strong></span> <span class='ocrx_word' id='word_1_9' title='bbox 1009 536 1093 603; x_wconf 70' lang='lat' dir='ltr'><strong>drea</strong></span> <span class='ocrx_word' id='word_1_10' title='bbox 1115 538 1283 604; x_wconf 90' lang='lat' dir='ltr'><strong>restituere</strong></span> <span class='ocrx_word' id='word_1_11' title='bbox 1308 536 1392 616; x_wconf 73' lang='grc' dir='ltr'><strong>ἅμα,</strong></span> 
     </span>
     <span class='ocr_line' id='line_1_3' title="bbox 114 656 775 743; baseline 0.002 -20"><span class='ocrx_word' id='word_1_12' title='bbox 114 656 209 742; x_wconf 90' lang='lat' dir='ltr'><strong>quod</strong></span> <span class='ocrx_word' id='word_1_13' title='bbox 233 677 346 725; x_wconf 90' lang='lat' dir='ltr'><strong>omnes</strong></span> <span class='ocrx_word' id='word_1_14' title='bbox 369 656 509 725; x_wconf 75' lang='lat' dir='ltr'>editores</span> <span class='ocrx_word' id='word_1_15' title='bbox 531 665 723 743; x_wconf 87' lang='lat' dir='ltr'><strong>receperunt</strong></span> <span class='ocrx_word' id='word_1_16' title='bbox 739 657 775 742; x_wconf 83' lang='lat'><strong>1).</strong></span> 
     </span>
     <span class='ocr_line' id='line_1_4' title="bbox 160 773 1361 866; baseline 0.001 -24"><span class='ocrx_word' id='word_1_17' title='bbox 160 773 246 866; x_wconf 63' lang='lat' dir='ltr'><strong>§l</strong></span> <span class='ocrx_word' id='word_1_18' title='bbox 270 774 362 861; x_wconf 80' lang='lat' dir='ltr'><strong>Vulg.</strong></span> <span class='ocrx_word' id='word_1_19' title='bbox 385 777 419 842; x_wconf 76' lang='grc' dir='ltr'><strong>τὸ</strong></span> <span class='ocrx_word' id='word_1_20' title='bbox 441 777 471 841; x_wconf 73' lang='grc' dir='ltr'><strong>δὲ</strong></span> <span class='ocrx_word' id='word_1_21' title='bbox 494 773 617 852; x_wconf 80' lang='grc' dir='ltr'><strong><em>ξύμπαν</em></strong></span> <span class='ocrx_word' id='word_1_22' title='bbox 639 780 751 854; x_wconf 72' lang='grc' dir='ltr'><strong><em>γνῶτε,</em></strong></span> <span class='ocrx_word' id='word_1_23' title='bbox 775 787 797 840; x_wconf 87' lang='grc' dir='ltr'>Β</span> <span class='ocrx_word' id='word_1_24' title='bbox 820 799 868 839; x_wconf 83' lang='grc' dir='ltr'><strong>τε.</strong></span> <span class='ocrx_word' id='word_1_25' title='bbox 906 774 956 840; x_wconf 78' lang='lat' dir='ltr'><strong>Ex</strong></span> <span class='ocrx_word' id='word_1_26' title='bbox 979 774 1074 841; x_wconf 84' lang='lat' dir='ltr'><strong>Valla</strong></span> <span class='ocrx_word' id='word_1_27' title='bbox 1097 775 1177 842; x_wconf 88' lang='lat' dir='ltr'>nihil</span> <span class='ocrx_word' id='word_1_28' title='bbox 1199 777 1361 844; x_wconf 81' lang='lat' dir='ltr'><strong>discimus.</strong></span> 
     </span>
     <span class='ocr_line' id='line_1_5' title="bbox 163 890 1393 980; baseline 0.001 -20"><span class='ocrx_word' id='word_1_29' title='bbox 163 893 252 960; x_wconf 84' lang='lat' dir='ltr'><strong>Ibid.</strong></span> <span class='ocrx_word' id='word_1_30' title='bbox 282 892 375 979; x_wconf 81' lang='lat' dir='ltr'><strong>Vulg.</strong></span> <span class='ocrx_word' id='word_1_31' title='bbox 414 892 475 959; x_wconf 79' lang='grc' dir='ltr'><strong><em>ὅποι</em></strong></span> <span class='ocrx_word' id='word_1_32' title='bbox 506 892 543 959; x_wconf 70' lang='grc' dir='ltr'><strong>ἂν</strong></span> <span class='ocrx_word' id='word_1_33' title='bbox 573 893 742 967; x_wconf 76' lang='grc' dir='ltr'><strong>σωθείητε</strong></span> <span class='ocrx_word' id='word_1_34' title='bbox 772 891 799 957; x_wconf 91' lang='grc' dir='ltr'><strong>Β</strong></span> <span class='ocrx_word' id='word_1_35' title='bbox 830 911 958 977; x_wconf 86' lang='lat' dir='ltr'><strong>quoque</strong></span> <span class='ocrx_word' id='word_1_36' title='bbox 985 890 1068 960; x_wconf 76' lang='lat' dir='ltr'><strong>falso</strong></span> <span class='ocrx_word' id='word_1_37' title='bbox 1098 893 1393 980; x_wconf 62' lang='grc' dir='ltr'><strong><em>διαταίείκπεῖ),</em></strong></span> 
     </span>
     <span class='ocr_line' id='line_1_6' title="bbox 122 1008 1317 1099; baseline 0.004 -22"><span class='ocrx_word' id='word_1_38' title='bbox 122 1031 201 1077; x_wconf 90' lang='lat' dir='ltr'><strong>cum</strong></span> <span class='ocrx_word' id='word_1_39' title='bbox 223 1013 341 1076; x_wconf 81' lang='grc' dir='ltr'><strong>σοοεῑτε</strong></span> <span class='ocrx_word' id='word_1_40' title='bbox 367 1009 410 1078; x_wconf 88' lang='lat' dir='ltr'><strong>sit</strong></span> <span class='ocrx_word' id='word_1_41' title='bbox 433 1008 644 1078; x_wconf 87' lang='lat' dir='ltr'><strong>scribendum.</strong></span> <span class='ocrx_word' id='word_1_42' title='bbox 679 1008 789 1077; x_wconf 85' lang='lat' dir='ltr'><strong>Valla:</strong></span> <span class='ocrx_word' id='word_1_43' title='bbox 813 1010 847 1076; x_wconf 90' lang='lat' dir='ltr'><strong>in</strong></span> <span class='ocrx_word' id='word_1_44' title='bbox 870 1030 934 1095; x_wconf 89' lang='lat' dir='ltr'><strong>quo</strong></span> <span class='ocrx_word' id='word_1_45' title='bbox 957 1011 1037 1078; x_wconf 82' lang='lat' dir='ltr'><strong>salvi</strong></span> <span class='ocrx_word' id='word_1_46' title='bbox 1060 1032 1132 1079; x_wconf 88' lang='lat' dir='ltr'><strong>esse</strong></span> <span class='ocrx_word' id='word_1_47' title='bbox 1156 1013 1317 1099; x_wconf 84' lang='lat' dir='ltr'><strong>possitis&#39;’.</strong></span> 
     </span>
    </p>
   </div>
   <div class='ocr_carea' id='block_1_3' title="bbox 82 1245 1397 3938">
    <p class='ocr_par' dir='ltr' id='par_1_3' title="bbox 119 1245 1394 1924">
     <span class='ocr_line' id='line_1_7' title="bbox 166 1245 1394 1337; baseline -0.001 -21"><span class='ocrx_word' id='word_1_48' title='bbox 166 1247 277 1333; x_wconf 78' lang='lat' dir='ltr'><strong>Caput</strong></span> <span class='ocrx_word' id='word_1_49' title='bbox 307 1247 349 1313; x_wconf 76' lang='lat'><strong>78</strong></span> <span class='ocrx_word' id='word_1_50' title='bbox 381 1245 406 1337; x_wconf 63' lang='grc' dir='ltr'>ξ</span> <span class='ocrx_word' id='word_1_51' title='bbox 437 1247 468 1315; x_wconf 84' lang='grc'><strong>2.</strong></span> <span class='ocrx_word' id='word_1_52' title='bbox 505 1247 598 1333; x_wconf 83' lang='lat' dir='ltr'><strong>Vulg.</strong></span> <span class='ocrx_word' id='word_1_53' title='bbox 630 1248 664 1313; x_wconf 78' lang='lat' dir='ltr'><strong>cd</strong></span> <span class='ocrx_word' id='word_1_54' title='bbox 695 1249 720 1314; x_wconf 74' lang='grc' dir='ltr'><strong>δ’</strong></span> <span class='ocrx_word' id='word_1_55' title='bbox 750 1249 852 1329; x_wconf 78' lang='grc' dir='ltr'><strong><em>ἐχώρει</em></strong></span> <span class='ocrx_word' id='word_1_56' title='bbox 882 1251 911 1315; x_wconf 86' lang='grc' dir='ltr'><strong>ἕν</strong></span> <span class='ocrx_word' id='word_1_57' title='bbox 940 1249 1118 1330; x_wconf 77' lang='grc' dir='ltr'><strong><em>διπλασίῳ</em></strong></span> <span class='ocrx_word' id='word_1_58' title='bbox 1147 1252 1329 1330; x_wconf 72' lang='grc' dir='ltr'><strong><em>τεταγμένον</em></strong></span> <span class='ocrx_word' id='word_1_59' title='bbox 1360 1252 1394 1317; x_wconf 81' lang='grc' dir='ltr'><strong>τὸ</strong></span> 
     </span>
     <span class='ocr_line' id='line_1_8' title="bbox 119 1367 1393 1451; baseline 0.002 -18"><span class='ocrx_word' id='word_1_60' title='bbox 119 1369 245 1441; x_wconf 82' lang='grc' dir='ltr'><strong><em>Νικίου,</em></strong></span> <span class='ocrx_word' id='word_1_61' title='bbox 280 1367 459 1448; x_wconf 77' lang='grc' dir='ltr'><strong><em>ἕφεπίριενον</em></strong></span> <span class='ocrx_word' id='word_1_62' title='bbox 494 1367 523 1432; x_wconf 74' lang='grc' dir='ltr'><strong>δὲ</strong></span> <span class='ocrx_word' id='word_1_63' title='bbox 557 1367 591 1432; x_wconf 76' lang='grc' dir='ltr'><strong>τὸ</strong></span> <span class='ocrx_word' id='word_1_64' title='bbox 622 1367 829 1443; x_wconf 71' lang='grc' dir='ltr'><strong>Δημοσθένους.</strong></span> <span class='ocrx_word' id='word_1_65' title='bbox 876 1380 897 1433; x_wconf 87' lang='grc' dir='ltr'><strong>Β</strong></span> <span class='ocrx_word' id='word_1_66' title='bbox 930 1367 963 1433; x_wconf 77' lang='grc' dir='ltr'><strong>τί</strong></span> <span class='ocrx_word' id='word_1_67' title='bbox 995 1368 1024 1433; x_wconf 74' lang='grc' dir='ltr'><strong>δὲ</strong></span> <span class='ocrx_word' id='word_1_68' title='bbox 1051 1370 1151 1451; x_wconf 77' lang='grc' dir='ltr'><strong><em>ἐχώρει</em></strong></span> <span class='ocrx_word' id='word_1_69' title='bbox 1183 1373 1213 1436; x_wconf 81' lang='grc' dir='ltr'><strong>ἔν</strong></span> <span class='ocrx_word' id='word_1_70' title='bbox 1235 1371 1393 1451; x_wconf 75' lang='grc' dir='ltr'><strong><em>πλαισίῳ</em></strong></span> 
     </span>
     <span class='ocr_line' id='line_1_9' title="bbox 119 1483 1394 1570; baseline 0.003 -20"><span class='ocrx_word' id='word_1_71' title='bbox 119 1485 325 1570; x_wconf 72' lang='grc' dir='ltr'><strong>τεταγμένα,</strong></span> <span class='ocrx_word' id='word_1_72' title='bbox 357 1491 487 1566; x_wconf 82' lang='grc' dir='ltr'><strong>πρῶτον</strong></span> <span class='ocrx_word' id='word_1_73' title='bbox 516 1483 580 1561; x_wconf 78' lang='grc' dir='ltr'><strong>ραέν</strong></span> <span class='ocrx_word' id='word_1_74' title='bbox 604 1486 797 1564; x_wconf 73' lang='grc' dir='ltr'><strong><em>ἡγούμενον</em></strong></span> <span class='ocrx_word' id='word_1_75' title='bbox 819 1486 853 1551; x_wconf 77' lang='grc' dir='ltr'><strong>τὸ</strong></span> <span class='ocrx_word' id='word_1_76' title='bbox 876 1487 994 1562; x_wconf 87' lang='grc' dir='ltr'><strong><em>Νικίου,</em></strong></span> <span class='ocrx_word' id='word_1_77' title='bbox 1019 1487 1199 1569; x_wconf 78' lang='grc' dir='ltr'><strong><em>ἐφεπόμενοι</em></strong></span> <span class='ocrx_word' id='word_1_78' title='bbox 1222 1488 1250 1553; x_wconf 71' lang='grc' dir='ltr'><strong>δὲ</strong></span> <span class='ocrx_word' id='word_1_79' title='bbox 1276 1490 1309 1554; x_wconf 78' lang='grc' dir='ltr'><strong>το</strong></span> <span class='ocrx_word' id='word_1_80' title='bbox 1334 1500 1394 1564; x_wconf 79' lang='lat' dir='ltr'><strong>An·</strong></span> 
     </span>
     <span class='ocr_line' id='line_1_10' title="bbox 120 1600 1394 1690; baseline 0.002 -21"><span class='ocrx_word' id='word_1_81' title='bbox 120 1604 288 1681; x_wconf 78' lang='grc' dir='ltr'><strong><em>μοοοένους.</em></strong></span> <span class='ocrx_word' id='word_1_82' title='bbox 334 1600 414 1668; x_wconf 82' lang='lat' dir='ltr'><strong>Dum</strong></span> <span class='ocrx_word' id='word_1_83' title='bbox 444 1601 589 1683; x_wconf 73' lang='grc' dir='ltr'><strong>διπλασίῳ</strong></span> <span class='ocrx_word' id='word_1_84' title='bbox 618 1601 714 1687; x_wconf 89' lang='lat' dir='ltr'><strong>plane</strong></span> <span class='ocrx_word' id='word_1_85' title='bbox 738 1601 906 1688; x_wconf 79' lang='lat' dir='ltr'><strong>displiceat</strong></span> <span class='ocrx_word' id='word_1_86' title='bbox 928 1602 1059 1670; x_wconf 92' lang='lat' dir='ltr'><strong>dubium</strong></span> <span class='ocrx_word' id='word_1_87' title='bbox 1082 1604 1205 1671; x_wconf 89' lang='lat' dir='ltr'><strong>nuDum</strong></span> <span class='ocrx_word' id='word_1_88' title='bbox 1228 1612 1291 1685; x_wconf 87' lang='lat' dir='ltr'><strong>est,</strong></span> <span class='ocrx_word' id='word_1_89' title='bbox 1316 1606 1394 1690; x_wconf 90' lang='lat' dir='ltr'><strong>quin</strong></span> 
     </span>
     <span class='ocr_line' id='line_1_11' title="bbox 120 1719 1392 1805; baseline 0 -16"><span class='ocrx_word' id='word_1_90' title='bbox 120 1721 215 1789; x_wconf 89' lang='lat' dir='ltr'><strong>solus</strong></span> <span class='ocrx_word' id='word_1_91' title='bbox 246 1719 273 1784; x_wconf 92' lang='lat' dir='ltr'>B</span> <span class='ocrx_word' id='word_1_92' title='bbox 303 1740 411 1787; x_wconf 84' lang='lat' dir='ltr'><strong>veram</strong></span> <span class='ocrx_word' id='word_1_93' title='bbox 440 1719 587 1787; x_wconf 86' lang='lat' dir='ltr'><strong>retulerit</strong></span> <span class='ocrx_word' id='word_1_94' title='bbox 616 1719 781 1805; x_wconf 85' lang='lat' dir='ltr'><strong>scriptoris</strong></span> <span class='ocrx_word' id='word_1_95' title='bbox 814 1741 943 1787; x_wconf 90' lang='lat' dir='ltr'><strong>manum</strong></span> <span class='ocrx_word' id='word_1_96' title='bbox 974 1722 1007 1787; x_wconf 83' lang='grc' dir='ltr'><strong>τὸ</strong></span> <span class='ocrx_word' id='word_1_97' title='bbox 1034 1721 1065 1788; x_wconf 75' lang='grc' dir='ltr'><strong>δὲ</strong></span> <span class='ocrx_word' id='word_1_98' title='bbox 1087 1722 1189 1803; x_wconf 79' lang='grc' dir='ltr'><strong><em>ἐχώρει</em></strong></span> <span class='ocrx_word' id='word_1_99' title='bbox 1212 1725 1242 1788; x_wconf 79' lang='grc' dir='ltr'><strong>ἐν</strong></span> <span class='ocrx_word' id='word_1_100' title='bbox 1264 1726 1392 1804; x_wconf 74' lang='grc' dir='ltr'><strong><em>πλαισίῳ</em></strong></span> 
     </span>
     <span class='ocr_line' id='line_1_12' title="bbox 121 1836 1246 1924; baseline 0.002 -18"><span class='ocrx_word' id='word_1_101' title='bbox 121 1839 309 1918; x_wconf 72' lang='grc' dir='ltr'><strong>τεταγμένον</strong></span> <span class='ocrx_word' id='word_1_102' title='bbox 335 1838 514 1923; x_wconf 88' lang='lat' dir='ltr'><strong>„quadrato</strong></span> <span class='ocrx_word' id='word_1_103' title='bbox 537 1837 663 1924; x_wconf 76' lang='lat' dir='ltr'><strong>agmine</strong></span> <span class='ocrx_word' id='word_1_104' title='bbox 685 1836 807 1919; x_wconf 88' lang='lat' dir='ltr'><strong>ibant’&#39;,</strong></span> <span class='ocrx_word' id='word_1_105' title='bbox 831 1843 868 1903; x_wconf 89' lang='lat' dir='ltr'><strong>ut</strong></span> <span class='ocrx_word' id='word_1_106' title='bbox 888 1839 1120 1924; x_wconf 86' lang='lat' dir='ltr'><strong>interpretatur</strong></span> <span class='ocrx_word' id='word_1_107' title='bbox 1142 1839 1246 1909; x_wconf 87' lang='lat' dir='ltr'><strong>Valla.</strong></span> 
     </span>
    </p>

    <p class='ocr_par' dir='ltr' id='par_1_4' title="bbox 120 1956 1397 3585">
     <span class='ocr_line' id='line_1_13' title="bbox 172 1956 1395 2038; baseline 0.002 -13"><span class='ocrx_word' id='word_1_108' title='bbox 172 1957 265 2038; x_wconf 90' lang='lat' dir='ltr'><strong>Quod</strong></span> <span class='ocrx_word' id='word_1_109' title='bbox 289 1962 396 2025; x_wconf 91' lang='lat' dir='ltr'><strong>autem</strong></span> <span class='ocrx_word' id='word_1_110' title='bbox 419 1958 446 2024; x_wconf 93' lang='lat' dir='ltr'>B</span> <span class='ocrx_word' id='word_1_111' title='bbox 469 1957 512 2025; x_wconf 91' lang='lat' dir='ltr'><strong>ab</strong></span> <span class='ocrx_word' id='word_1_112' title='bbox 535 1957 682 2025; x_wconf 90' lang='lat' dir='ltr'><strong>omnibus</strong></span> <span class='ocrx_word' id='word_1_113' title='bbox 704 1956 795 2024; x_wconf 90' lang='lat' dir='ltr'><strong>libris</strong></span> <span class='ocrx_word' id='word_1_114' title='bbox 817 1958 970 2026; x_wconf 75' lang='lat' dir='ltr'><strong>recedens</strong></span> <span class='ocrx_word' id='word_1_115' title='bbox 993 1967 1068 2026; x_wconf 84' lang='lat' dir='ltr'><strong>ente</strong></span> <span class='ocrx_word' id='word_1_116' title='bbox 1090 1962 1124 2026; x_wconf 78' lang='lat' dir='ltr'><strong>rt</strong></span> <span class='ocrx_word' id='word_1_117' title='bbox 1144 1962 1245 2026; x_wconf 83' lang='grc' dir='ltr'><strong><em>Νικίου</em></strong></span> <span class='ocrx_word' id='word_1_118' title='bbox 1259 1961 1395 2028; x_wconf 87' lang='lat' dir='ltr'><strong>inseruit</strong></span> 
     </span>
     <span class='ocr_line' id='line_1_14' title="bbox 121 2074 1395 2160; baseline -0.001 -16"><span class='ocrx_word' id='word_1_119' title='bbox 121 2083 241 2157; x_wconf 77' lang='grc' dir='ltr'><strong>πρῶτον</strong></span> <span class='ocrx_word' id='word_1_120' title='bbox 273 2076 329 2155; x_wconf 78' lang='grc' dir='ltr'><strong>μὲν</strong></span> <span class='ocrx_word' id='word_1_121' title='bbox 363 2074 534 2153; x_wconf 69' lang='grc' dir='ltr'><strong><em>ἡγούμενον,</em></strong></span> <span class='ocrx_word' id='word_1_122' title='bbox 571 2075 663 2142; x_wconf 83' lang='lat' dir='ltr'><strong>valde</strong></span> <span class='ocrx_word' id='word_1_123' title='bbox 697 2075 817 2142; x_wconf 90' lang='lat' dir='ltr'><strong>dubito.</strong></span> <span class='ocrx_word' id='word_1_124' title='bbox 862 2075 1020 2160; x_wconf 86' lang='lat' dir='ltr'><strong>Equidem</strong></span> <span class='ocrx_word' id='word_1_125' title='bbox 1058 2075 1156 2144; x_wconf 86' lang='lat' dir='ltr'><strong>verbe</strong></span> <span class='ocrx_word' id='word_1_126' title='bbox 1196 2084 1306 2160; x_wconf 83' lang='grc' dir='ltr'><strong>πρῶτον</strong></span> <span class='ocrx_word' id='word_1_127' title='bbox 1340 2079 1395 2154; x_wconf 79' lang='grc' dir='ltr'><strong>μὲν</strong></span> 
     </span>
     <span class='ocr_line' id='line_1_15' title="bbox 121 2192 1395 2280; baseline 0 -18"><span class='ocrx_word' id='word_1_128' title='bbox 121 2192 288 2274; x_wconf 71' lang='grc' dir='ltr'><strong><em>ἡγούμενον</em></strong></span> <span class='ocrx_word' id='word_1_129' title='bbox 313 2194 346 2259; x_wconf 75' lang='grc' dir='ltr'><strong>τὸ</strong></span> <span class='ocrx_word' id='word_1_130' title='bbox 368 2195 486 2280; x_wconf 85' lang='grc' dir='ltr'><strong><em>Νικίου,</em></strong></span> <span class='ocrx_word' id='word_1_131' title='bbox 519 2194 698 2276; x_wconf 80' lang='grc' dir='ltr'><strong>ἐφεπόμενοι</strong></span> <span class='ocrx_word' id='word_1_132' title='bbox 720 2194 750 2259; x_wconf 78' lang='grc' dir='ltr'><strong>δὲ</strong></span> <span class='ocrx_word' id='word_1_133' title='bbox 772 2193 806 2259; x_wconf 78' lang='grc' dir='ltr'><strong>τί</strong></span> <span class='ocrx_word' id='word_1_134' title='bbox 828 2194 1025 2272; x_wconf 69' lang='grc' dir='ltr'><strong><em>Δημοσθένους</em></strong></span> <span class='ocrx_word' id='word_1_135' title='bbox 1049 2195 1160 2280; x_wconf 88' lang='lat' dir='ltr'><strong>spuria</strong></span> <span class='ocrx_word' id='word_1_136' title='bbox 1183 2194 1273 2263; x_wconf 88' lang='lat' dir='ltr'><strong>duco.</strong></span> <span class='ocrx_word' id='word_1_137' title='bbox 1312 2194 1395 2262; x_wconf 81' lang='lat' dir='ltr'><strong>Ocn-</strong></span> 
     </span>
     <span class='ocr_line' id='line_1_16' title="bbox 122 2311 1394 2393; baseline -0.001 -12"><span class='ocrx_word' id='word_1_138' title='bbox 122 2318 194 2381; x_wconf 86' lang='lat' dir='ltr'><strong>stat</strong></span> <span class='ocrx_word' id='word_1_139' title='bbox 225 2313 258 2378; x_wconf 88' lang='lat' dir='ltr'><strong>ni</strong></span> <span class='ocrx_word' id='word_1_140' title='bbox 280 2313 376 2381; x_wconf 82' lang='lat' dir='ltr'><strong>fallor</strong></span> <span class='ocrx_word' id='word_1_141' title='bbox 396 2312 506 2380; x_wconf 77' lang='lat' dir='ltr'><strong>Niciae</strong></span> <span class='ocrx_word' id='word_1_142' title='bbox 530 2319 562 2380; x_wconf 88' lang='lat' dir='ltr'><strong>et</strong></span> <span class='ocrx_word' id='word_1_143' title='bbox 586 2311 825 2393; x_wconf 83' lang='lat' dir='ltr'><strong>Demosthenis,</strong></span> <span class='ocrx_word' id='word_1_144' title='bbox 855 2311 889 2378; x_wconf 92' lang='lat' dir='ltr'><strong>id</strong></span> <span class='ocrx_word' id='word_1_145' title='bbox 913 2318 962 2379; x_wconf 92' lang='lat' dir='ltr'><strong>est</strong></span> <span class='ocrx_word' id='word_1_146' title='bbox 983 2318 1103 2392; x_wconf 89' lang='lat' dir='ltr'><strong>totum,</strong></span> <span class='ocrx_word' id='word_1_147' title='bbox 1132 2313 1306 2380; x_wconf 89' lang='lat' dir='ltr'><strong>exercitum</strong></span> <span class='ocrx_word' id='word_1_148' title='bbox 1329 2315 1394 2382; x_wconf 89' lang='lat' dir='ltr'><strong>iter</strong></span> 
     </span>
     <span class='ocr_line' id='line_1_17' title="bbox 120 2430 1394 2516; baseline 0.001 -17"><span class='ocrx_word' id='word_1_149' title='bbox 120 2431 243 2499; x_wconf 81' lang='lat' dir='ltr'><strong>fecisse</strong></span> <span class='ocrx_word' id='word_1_150' title='bbox 275 2430 401 2516; x_wconf 83' lang='lat' dir='ltr'><strong>agmine</strong></span> <span class='ocrx_word' id='word_1_151' title='bbox 435 2430 609 2514; x_wconf 85' lang='lat' dir='ltr'><strong>quadrato:</strong></span> <span class='ocrx_word' id='word_1_152' title='bbox 646 2430 807 2515; x_wconf 91' lang='lat' dir='ltr'><strong>quomodo</strong></span> <span class='ocrx_word' id='word_1_153' title='bbox 841 2430 939 2516; x_wconf 86' lang='lat' dir='ltr'><strong>igitur</strong></span> <span class='ocrx_word' id='word_1_154' title='bbox 972 2430 1043 2498; x_wconf 88' lang='lat' dir='ltr'><strong>fieri</strong></span> <span class='ocrx_word' id='word_1_155' title='bbox 1076 2432 1180 2516; x_wconf 83' lang='lat' dir='ltr'><strong>potuit</strong></span> <span class='ocrx_word' id='word_1_156' title='bbox 1210 2438 1247 2498; x_wconf 92' lang='lat' dir='ltr'><strong>ut</strong></span> <span class='ocrx_word' id='word_1_157' title='bbox 1283 2433 1394 2500; x_wconf 85' lang='lat' dir='ltr'><strong>Niciae</strong></span> 
     </span>
     <span class='ocr_line' id='line_1_18' title="bbox 122 2547 1396 2635; baseline 0.004 -21"><span class='ocrx_word' id='word_1_158' title='bbox 122 2569 247 2635; x_wconf 75' lang='lat' dir='ltr'><strong>agmen</strong></span> <span class='ocrx_word' id='word_1_159' title='bbox 276 2549 428 2629; x_wconf 90' lang='lat' dir='ltr'><strong>anteiret,</strong></span> <span class='ocrx_word' id='word_1_160' title='bbox 458 2547 684 2615; x_wconf 81' lang='lat' dir='ltr'><strong>Demosthenis</strong></span> <span class='ocrx_word' id='word_1_161' title='bbox 717 2553 823 2615; x_wconf 86' lang='lat' dir='ltr'><strong>autem</strong></span> <span class='ocrx_word' id='word_1_162' title='bbox 847 2553 1058 2633; x_wconf 78' lang='lat' dir='ltr'><strong>sequeretur?</strong></span> <span class='ocrx_word' id='word_1_163' title='bbox 1093 2549 1216 2617; x_wconf 88' lang='lat' dir='ltr'><strong>Deinde</strong></span> <span class='ocrx_word' id='word_1_164' title='bbox 1242 2550 1396 2619; x_wconf 87' lang='lat' dir='ltr'><strong>confiteor</strong></span> 
     </span>
     <span class='ocr_line' id='line_1_19' title="bbox 123 2665 1396 2754; baseline 0.001 -19"><span class='ocrx_word' id='word_1_165' title='bbox 123 2667 206 2735; x_wconf 88' lang='lat' dir='ltr'><strong>mihi</strong></span> <span class='ocrx_word' id='word_1_166' title='bbox 230 2667 432 2752; x_wconf 88' lang='lat' dir='ltr'><strong>perspicuum</strong></span> <span class='ocrx_word' id='word_1_167' title='bbox 455 2687 520 2733; x_wconf 92' lang='lat' dir='ltr'><strong>non</strong></span> <span class='ocrx_word' id='word_1_168' title='bbox 542 2686 612 2732; x_wconf 90' lang='lat' dir='ltr'><strong>esse</strong></span> <span class='ocrx_word' id='word_1_169' title='bbox 635 2666 794 2749; x_wconf 87' lang='lat' dir='ltr'><strong>quomedo</strong></span> <span class='ocrx_word' id='word_1_170' title='bbox 814 2665 886 2732; x_wconf 82' lang='lat' dir='ltr'><strong>fieri</strong></span> <span class='ocrx_word' id='word_1_171' title='bbox 900 2667 1056 2751; x_wconf 89' lang='lat' dir='ltr'><strong>potuerit,</strong></span> <span class='ocrx_word' id='word_1_172' title='bbox 1081 2675 1118 2735; x_wconf 90' lang='lat' dir='ltr'><strong>ut</strong></span> <span class='ocrx_word' id='word_1_173' title='bbox 1133 2669 1270 2754; x_wconf 83' lang='lat' dir='ltr'><strong>scriptor</strong></span> <span class='ocrx_word' id='word_1_174' title='bbox 1284 2669 1396 2754; x_wconf 88' lang='lat' dir='ltr'><strong>loque·</strong></span> 
     </span>
     <span class='ocr_line' id='line_1_20' title="bbox 124 2784 1396 2870; baseline 0.002 -18"><span class='ocrx_word' id='word_1_175' title='bbox 124 2791 219 2852; x_wconf 88' lang='lat' dir='ltr'><strong>retur</strong></span> <span class='ocrx_word' id='word_1_176' title='bbox 241 2784 281 2853; x_wconf 91' lang='lat' dir='ltr'><strong>de</strong></span> <span class='ocrx_word' id='word_1_177' title='bbox 304 2784 416 2852; x_wconf 78' lang='lat' dir='ltr'><strong>Niciae</strong></span> <span class='ocrx_word' id='word_1_178' title='bbox 438 2785 580 2852; x_wconf 87' lang='lat' dir='ltr'><strong>exercitu</strong></span> <span class='ocrx_word' id='word_1_179' title='bbox 603 2789 636 2850; x_wconf 90' lang='lat' dir='ltr'><strong>et</strong></span> <span class='ocrx_word' id='word_1_180' title='bbox 657 2784 899 2864; x_wconf 88' lang='lat' dir='ltr'><strong>Demosthenis;</strong></span> <span class='ocrx_word' id='word_1_181' title='bbox 923 2805 1082 2870; x_wconf 86' lang='lat' dir='ltr'><strong>nusquam</strong></span> <span class='ocrx_word' id='word_1_182' title='bbox 1105 2787 1190 2853; x_wconf 90' lang='lat' dir='ltr'><strong>enim</strong></span> <span class='ocrx_word' id='word_1_183' title='bbox 1206 2788 1246 2854; x_wconf 92' lang='lat' dir='ltr'><strong>de</strong></span> <span class='ocrx_word' id='word_1_184' title='bbox 1262 2788 1396 2856; x_wconf 83' lang='lat' dir='ltr'><strong>dirersis</strong></span> 
     </span>
     <span class='ocr_line' id='line_1_21' title="bbox 123 2902 1395 2992; baseline 0.002 -21"><span class='ocrx_word' id='word_1_185' title='bbox 123 2905 296 2990; x_wconf 87' lang='lat' dir='ltr'><strong>utriusque</strong></span> <span class='ocrx_word' id='word_1_186' title='bbox 330 2902 421 2971; x_wconf 91' lang='lat' dir='ltr'><strong>ducis</strong></span> <span class='ocrx_word' id='word_1_187' title='bbox 454 2903 556 2989; x_wconf 89' lang='lat' dir='ltr'><strong>copiis</strong></span> <span class='ocrx_word' id='word_1_188' title='bbox 591 2924 694 2970; x_wconf 89' lang='lat' dir='ltr'><strong>sermo</strong></span> <span class='ocrx_word' id='word_1_189' title='bbox 729 2903 776 2970; x_wconf 85' lang='lat' dir='ltr'><strong>fit.</strong></span> <span class='ocrx_word' id='word_1_190' title='bbox 821 2904 956 2988; x_wconf 79' lang='lat' dir='ltr'><strong>Accedit</strong></span> <span class='ocrx_word' id='word_1_191' title='bbox 992 2911 1027 2972; x_wconf 93' lang='lat' dir='ltr'><strong>ut</strong></span> <span class='ocrx_word' id='word_1_192' title='bbox 1062 2905 1154 2973; x_wconf 88' lang='lat' dir='ltr'><strong>nihili</strong></span> <span class='ocrx_word' id='word_1_193' title='bbox 1188 2927 1252 2974; x_wconf 91' lang='grc' dir='ltr'><strong><em>ιιοιι</em></strong></span> <span class='ocrx_word' id='word_1_194' title='bbox 1286 2913 1395 2992; x_wconf 87' lang='lat' dir='ltr'><strong>putem</strong></span> 
     </span>
     <span class='ocr_line' id='line_1_22' title="bbox 124 3020 1397 3107; baseline 0.002 -17"><span class='ocrx_word' id='word_1_195' title='bbox 124 3023 310 3090; x_wconf 80' lang='lat' dir='ltr'><strong>laciendum</strong></span> <span class='ocrx_word' id='word_1_196' title='bbox 333 3043 403 3090; x_wconf 86' lang='lat' dir='ltr'><strong>esse</strong></span> <span class='ocrx_word' id='word_1_197' title='bbox 425 3028 459 3089; x_wconf 89' lang='lat' dir='ltr'><strong>et</strong></span> <span class='ocrx_word' id='word_1_198' title='bbox 480 3021 567 3107; x_wconf 91' lang='lat' dir='ltr'><strong>apud</strong></span> <span class='ocrx_word' id='word_1_199' title='bbox 590 3021 731 3099; x_wconf 81' lang='lat' dir='ltr'><strong>Vallem,</strong></span> <span class='ocrx_word' id='word_1_200' title='bbox 763 3022 841 3088; x_wconf 85' lang='lat' dir='ltr'><strong>alibi</strong></span> <span class='ocrx_word' id='word_1_201' title='bbox 868 3020 1016 3090; x_wconf 78' lang='lat' dir='ltr'><strong>Vaticani</strong></span> <span class='ocrx_word' id='word_1_202' title='bbox 1043 3030 1253 3104; x_wconf 83' lang='lat' dir='ltr'><strong>sectatorem,</strong></span> <span class='ocrx_word' id='word_1_203' title='bbox 1282 3031 1319 3091; x_wconf 91' lang='lat' dir='ltr'><strong>ut</strong></span> <span class='ocrx_word' id='word_1_204' title='bbox 1350 3025 1397 3092; x_wconf 90' lang='lat' dir='ltr'><strong>ait</strong></span> 
     </span>
     <span class='ocr_line' id='line_1_23' title="bbox 126 3140 1396 3229; baseline 0.004 -22"><span class='ocrx_word' id='word_1_205' title='bbox 126 3141 251 3227; x_wconf 89' lang='lat' dir='ltr'><strong>Poppo,</strong></span> <span class='ocrx_word' id='word_1_206' title='bbox 274 3140 372 3209; x_wconf 83' lang='lat' dir='ltr'><strong>rerba</strong></span> <span class='ocrx_word' id='word_1_207' title='bbox 394 3140 579 3223; x_wconf 77' lang='grc' dir='ltr'><strong>πρῶτονμὲν</strong></span> <span class='ocrx_word' id='word_1_208' title='bbox 602 3140 761 3218; x_wconf 71' lang='grc' dir='ltr'><strong><em>ἡγούμενον</em></strong></span> <span class='ocrx_word' id='word_1_209' title='bbox 784 3161 849 3207; x_wconf 92' lang='lat' dir='ltr'><strong>non</strong></span> <span class='ocrx_word' id='word_1_210' title='bbox 872 3142 1013 3227; x_wconf 84' lang='lat' dir='ltr'><strong>agnosci.</strong></span> <span class='ocrx_word' id='word_1_211' title='bbox 1049 3142 1102 3209; x_wconf 88' lang='lat' dir='ltr'><strong>Me</strong></span> <span class='ocrx_word' id='word_1_212' title='bbox 1114 3142 1224 3229; x_wconf 88' lang='lat' dir='ltr'><strong>judice</strong></span> <span class='ocrx_word' id='word_1_213' title='bbox 1240 3142 1396 3212; x_wconf 87' lang='lat' dir='ltr'><strong>damnata</strong></span> 
     </span>
     <span class='ocr_line' id='line_1_24' title="bbox 126 3259 1394 3351; baseline -0.001 -23"><span class='ocrx_word' id='word_1_214' title='bbox 126 3261 228 3328; x_wconf 83' lang='lat' dir='ltr'><strong>rerba</strong></span> <span class='ocrx_word' id='word_1_215' title='bbox 260 3260 414 3346; x_wconf 79' lang='lat' dir='ltr'><strong>originem</strong></span> <span class='ocrx_word' id='word_1_216' title='bbox 448 3266 563 3346; x_wconf 88' lang='lat' dir='ltr'><strong>petunt</strong></span> <span class='ocrx_word' id='word_1_217' title='bbox 592 3259 634 3326; x_wconf 92' lang='lat' dir='ltr'><strong>ab</strong></span> <span class='ocrx_word' id='word_1_218' title='bbox 664 3259 855 3345; x_wconf 86' lang='lat' dir='ltr'><strong>interprete,</strong></span> <span class='ocrx_word' id='word_1_219' title='bbox 887 3261 943 3345; x_wconf 92' lang='lat' dir='ltr'><strong>qui</strong></span> <span class='ocrx_word' id='word_1_220' title='bbox 974 3261 1113 3328; x_wconf 89' lang='lat' dir='ltr'><strong>monitus</strong></span> <span class='ocrx_word' id='word_1_221' title='bbox 1137 3284 1162 3328; x_wconf 91' lang='lat' dir='ltr'><strong>o.</strong></span> <span class='ocrx_word' id='word_1_222' title='bbox 1186 3261 1229 3328; x_wconf 88' lang='lat'><strong>80</strong></span> <span class='ocrx_word' id='word_1_223' title='bbox 1252 3259 1277 3351; x_wconf 65' lang='grc' dir='ltr'>ξ</span> <span class='ocrx_word' id='word_1_224' title='bbox 1300 3262 1323 3327; x_wconf 87' lang='grc'>4</span> <span class='ocrx_word' id='word_1_225' title='bbox 1344 3264 1394 3328; x_wconf 80' lang='grc' dir='ltr'><strong>καὶ</strong></span> 
     </span>
     <span class='ocr_line' id='line_1_25' title="bbox 127 3377 1396 3466; baseline 0.002 -20"><span class='ocrx_word' id='word_1_226' title='bbox 127 3381 163 3446; x_wconf 74' lang='grc' dir='ltr'><strong>τὸ</strong></span> <span class='ocrx_word' id='word_1_227' title='bbox 192 3380 248 3459; x_wconf 67' lang='grc' dir='ltr'><strong>μὲν</strong></span> <span class='ocrx_word' id='word_1_228' title='bbox 277 3380 380 3447; x_wconf 91' lang='grc' dir='ltr'><strong><em>Νικίου</em></strong></span> <span class='ocrx_word' id='word_1_229' title='bbox 410 3379 601 3465; x_wconf 70' lang='grc' dir='ltr'><strong>στράτευμα,</strong></span> <span class='ocrx_word' id='word_1_230' title='bbox 632 3377 726 3461; x_wconf 69' lang='grc' dir='ltr'><strong><em>ι’ίοπερ</em></strong></span> <span class='ocrx_word' id='word_1_231' title='bbox 757 3382 875 3456; x_wconf 75' lang='grc' dir='ltr'><strong>ἡγεῖτο,</strong></span> <span class='ocrx_word' id='word_1_232' title='bbox 906 3378 1041 3458; x_wconf 57' lang='lat' dir='ltr'><strong>&amp;volpes</strong></span> <span class='ocrx_word' id='word_1_233' title='bbox 1076 3402 1224 3466; x_wconf 80' lang='lat' dir='ltr'><strong>perverse</strong></span> <span class='ocrx_word' id='word_1_234' title='bbox 1255 3381 1396 3449; x_wconf 87' lang='lat' dir='ltr'><strong>abeundi</strong></span> 
     </span>
     <span class='ocr_line' id='line_1_26' title="bbox 129 3497 654 3585; baseline -0.006 -18"><span class='ocrx_word' id='word_1_235' title='bbox 129 3499 268 3585; x_wconf 76' lang='lat' dir='ltr'><strong>agminis</strong></span> <span class='ocrx_word' id='word_1_236' title='bbox 289 3499 448 3566; x_wconf 86' lang='lat' dir='ltr'><strong>rationem</strong></span> <span class='ocrx_word' id='word_1_237' title='bbox 472 3497 654 3583; x_wconf 77' lang='lat' dir='ltr'><strong>adscripsit.</strong></span> 
     </span>
    </p>

    <p class='ocr_par' dir='ltr' id='par_1_5' title="bbox 82 3611 1157 3938">
     <span class='ocr_line' id='line_1_27' title="bbox 82 3611 1048 3707; baseline -0.004 -23"><span class='ocrx_word' id='word_1_238' title='bbox 82 3611 85 3616; x_wconf 50' lang='grc'><strong>’</strong></span> <span class='ocrx_word' id='word_1_239' title='bbox 173 3615 258 3685; x_wconf 90' lang='lat' dir='ltr'><strong>Ibid.</strong></span> <span class='ocrx_word' id='word_1_240' title='bbox 283 3615 376 3701; x_wconf 86' lang='lat' dir='ltr'><strong>Vulg.</strong></span> <span class='ocrx_word' id='word_1_241' title='bbox 400 3616 579 3698; x_wconf 81' lang='grc' dir='ltr'><strong><em>ἐφεπόαενον</em></strong></span> <span class='ocrx_word' id='word_1_242' title='bbox 601 3637 677 3707; x_wconf 73' lang='lat' dir='ltr'><strong>vera</strong></span> <span class='ocrx_word' id='word_1_243' title='bbox 699 3616 825 3700; x_wconf 81' lang='lat' dir='ltr'><strong>forma,</strong></span> <span class='ocrx_word' id='word_1_244' title='bbox 849 3615 877 3681; x_wconf 94' lang='lat' dir='ltr'><strong>B</strong></span> <span class='ocrx_word' id='word_1_245' title='bbox 901 3617 1048 3692; x_wconf 73' lang='grc' dir='ltr'><strong><em>ἑπόμενον.</em></strong></span> 
     </span>
     <span class='ocr_line' id='line_1_28' title="bbox 174 3733 1157 3819; baseline 0 -18"><span class='ocrx_word' id='word_1_246' title='bbox 174 3734 256 3802; x_wconf 89' lang='lat' dir='ltr'><strong>Ibid.</strong></span> <span class='ocrx_word' id='word_1_247' title='bbox 277 3733 371 3819; x_wconf 71' lang='lat' dir='ltr'><strong>Vulg.</strong></span> <span class='ocrx_word' id='word_1_248' title='bbox 392 3741 481 3802; x_wconf 86' lang='lat' dir='ltr'><strong>recte</strong></span> <span class='ocrx_word' id='word_1_249' title='bbox 503 3736 550 3800; x_wconf 80' lang='grc' dir='ltr'><strong>ἐπ’</strong></span> <span class='ocrx_word' id='word_1_250' title='bbox 573 3737 663 3816; x_wconf 78' lang='grc' dir='ltr'><strong><em>αὐτῷ,</em></strong></span> <span class='ocrx_word' id='word_1_251' title='bbox 686 3747 709 3800; x_wconf 84' lang='grc' dir='ltr'><strong>Β</strong></span> <span class='ocrx_word' id='word_1_252' title='bbox 732 3737 762 3800; x_wconf 82' lang='grc' dir='ltr'><strong>ἐν</strong></span> <span class='ocrx_word' id='word_1_253' title='bbox 784 3737 874 3816; x_wconf 78' lang='grc' dir='ltr'><strong><em>αὐτῷ.</em></strong></span> <span class='ocrx_word' id='word_1_254' title='bbox 910 3733 1019 3801; x_wconf 88' lang='lat' dir='ltr'><strong>Valla:</strong></span> <span class='ocrx_word' id='word_1_255' title='bbox 1045 3733 1157 3815; x_wconf 87' lang='lat' dir='ltr'><strong>„illic&#39;’.</strong></span> 
     </span>
     <span class='ocr_line' id='line_1_29' title="bbox 174 3849 1145 3938; baseline -0.002 -18"><span class='ocrx_word' id='word_1_256' title='bbox 174 3852 258 3920; x_wconf 88' lang='lat' dir='ltr'><strong>Ibid.</strong></span> <span class='ocrx_word' id='word_1_257' title='bbox 281 3851 372 3937; x_wconf 71' lang='lat' dir='ltr'><strong>ang.</strong></span> <span class='ocrx_word' id='word_1_258' title='bbox 393 3849 574 3934; x_wconf 69' lang='grc' dir='ltr'><strong><em>ξυνοίκου.</em></strong></span> <span class='ocrx_word' id='word_1_259' title='bbox 608 3851 635 3916; x_wconf 91' lang='grc' dir='ltr'>Β</span> <span class='ocrx_word' id='word_1_260' title='bbox 657 3872 828 3938; x_wconf 86' lang='lat' dir='ltr'><strong>perperam</strong></span> <span class='ocrx_word' id='word_1_261' title='bbox 850 3851 942 3920; x_wconf 91' lang='lat' dir='ltr'><strong>addit</strong></span> <span class='ocrx_word' id='word_1_262' title='bbox 964 3852 1145 3920; x_wconf 87' lang='lat' dir='ltr'><strong>articulum.</strong></span> 
     </span>
    </p>
   </div>
   <div class='ocr_carea' id='block_1_4' title="bbox 131 4163 1396 4425">
    <p class='ocr_par' dir='ltr' id='par_1_6' title="bbox 131 4163 1396 4425">
     <span class='ocr_line' id='line_1_30' title="bbox 164 4163 1395 4233; baseline -0.002 -15"><span class='ocrx_word' id='word_1_263' title='bbox 164 4166 195 4233; x_wconf 79' lang='lat' dir='ltr'><strong>l)</strong></span> <span class='ocrx_word' id='word_1_264' title='bbox 212 4166 243 4218; x_wconf 80' lang='lat' dir='ltr'><strong>ci.</strong></span> <span class='ocrx_word' id='word_1_265' title='bbox 261 4182 284 4220; x_wconf 86' lang='lat' dir='ltr'><strong>c.</strong></span> <span class='ocrx_word' id='word_1_266' title='bbox 301 4165 334 4218; x_wconf 80' lang='grc'><strong>79</strong></span> <span class='ocrx_word' id='word_1_267' title='bbox 351 4165 365 4233; x_wconf 69' lang='lat' dir='ltr'>S</span> <span class='ocrx_word' id='word_1_268' title='bbox 381 4165 410 4232; x_wconf 80' lang='lat'><strong>3,</strong></span> <span class='ocrx_word' id='word_1_269' title='bbox 429 4166 475 4219; x_wconf 85' lang='lat' dir='ltr'><strong>ubi</strong></span> <span class='ocrx_word' id='word_1_270' title='bbox 496 4166 571 4218; x_wconf 82' lang='lat' dir='ltr'><strong>Valla</strong></span> <span class='ocrx_word' id='word_1_271' title='bbox 593 4163 690 4230; x_wconf 81' lang='grc' dir='ltr'><strong><em>’ίπνχον</em></strong></span> <span class='ocrx_word' id='word_1_272' title='bbox 713 4164 740 4216; x_wconf 68' lang='grc' dir='ltr'><strong>δὲ</strong></span> <span class='ocrx_word' id='word_1_273' title='bbox 763 4164 807 4216; x_wconf 72' lang='grc' dir='ltr'><strong>καὶ</strong></span> <span class='ocrx_word' id='word_1_274' title='bbox 829 4167 936 4229; x_wconf 82' lang='grc' dir='ltr'><strong>βρονταί</strong></span> <span class='ocrx_word' id='word_1_275' title='bbox 948 4182 1013 4226; x_wconf 78' lang='grc' dir='ltr'><strong><em>τινες</em></strong></span> <span class='ocrx_word' id='word_1_276' title='bbox 1034 4166 1051 4216; x_wconf 80' lang='lat' dir='ltr'><strong>c</strong></span> <span class='ocrx_word' id='word_1_277' title='bbox 1057 4182 1100 4228; x_wconf 89' lang='grc' dir='ltr'><strong>μα</strong></span> <span class='ocrx_word' id='word_1_278' title='bbox 1118 4164 1250 4229; x_wconf 78' lang='grc' dir='ltr'><strong><em>ῳινίριιναι</em></strong></span> <span class='ocrx_word' id='word_1_279' title='bbox 1267 4163 1311 4215; x_wconf 73' lang='grc' dir='ltr'><strong>καὶ</strong></span> <span class='ocrx_word' id='word_1_280' title='bbox 1328 4163 1395 4228; x_wconf 66' lang='lat' dir='ltr'><strong>trop</strong></span> 
     </span>
     <span class='ocr_line' id='line_1_31' title="bbox 131 4260 1396 4328; baseline -0.001 -13"><span class='ocrx_word' id='word_1_281' title='bbox 131 4261 206 4315; x_wconf 79' lang='lat' dir='ltr'><strong>hisee</strong></span> <span class='ocrx_word' id='word_1_282' title='bbox 221 4263 312 4315; x_wconf 81' lang='lat' dir='ltr'><strong>latinis</strong></span> <span class='ocrx_word' id='word_1_283' title='bbox 329 4262 471 4328; x_wconf 80' lang='lat' dir='ltr'><strong>expressitr</strong></span> <span class='ocrx_word' id='word_1_284' title='bbox 488 4276 588 4328; x_wconf 89' lang='lat' dir='ltr'><strong>„quum</strong></span> <span class='ocrx_word' id='word_1_285' title='bbox 606 4262 761 4326; x_wconf 83' lang='lat' dir='ltr'><strong>praesertim</strong></span> <span class='ocrx_word' id='word_1_286' title='bbox 779 4261 924 4312; x_wconf 87' lang='lat' dir='ltr'><strong>existerent</strong></span> <span class='ocrx_word' id='word_1_287' title='bbox 942 4262 1059 4312; x_wconf 84' lang='lat' dir='ltr'><strong>tonitrua</strong></span> <span class='ocrx_word' id='word_1_288' title='bbox 1076 4263 1210 4326; x_wconf 83' lang='lat' dir='ltr'><strong>pariter</strong></span> <span class='ocrx_word' id='word_1_289' title='bbox 1226 4265 1253 4311; x_wconf 86' lang='lat' dir='ltr'><strong>et</strong></span> <span class='ocrx_word' id='word_1_290' title='bbox 1270 4260 1396 4314; x_wconf 88' lang='lat' dir='ltr'><strong>imbres’&#39;.</strong></span> 
     </span>
     <span class='ocr_line' id='line_1_32' title="bbox 164 4353 955 4425; baseline 0 -16"><span class='ocrx_word' id='word_1_291' title='bbox 164 4357 193 4425; x_wconf 74' lang='lat'><strong>2)</strong></span> <span class='ocrx_word' id='word_1_292' title='bbox 210 4356 252 4409; x_wconf 90' lang='lat' dir='ltr'><strong>De</strong></span> <span class='ocrx_word' id='word_1_293' title='bbox 268 4357 389 4409; x_wconf 83' lang='lat' dir='ltr'><strong>Vaticani</strong></span> <span class='ocrx_word' id='word_1_294' title='bbox 407 4356 485 4408; x_wconf 88' lang='lat' dir='ltr'><strong>verbo</strong></span> <span class='ocrx_word' id='word_1_295' title='bbox 501 4356 644 4421; x_wconf 84' lang='lat' dir='ltr'><strong>composito</strong></span> <span class='ocrx_word' id='word_1_296' title='bbox 661 4356 694 4408; x_wconf 85' lang='lat' dir='ltr'><strong>cl.</strong></span> <span class='ocrx_word' id='word_1_297' title='bbox 711 4355 791 4419; x_wconf 84' lang='lat' dir='ltr'><strong>prael.</strong></span> <span class='ocrx_word' id='word_1_298' title='bbox 808 4370 867 4421; x_wconf 74' lang='lat' dir='ltr'><strong>pag.</strong></span> <span class='ocrx_word' id='word_1_299' title='bbox 883 4353 955 4409; x_wconf 85' lang='lat' dir='ltr'><strong>VIII.</strong></span> 
     </span>
    </p>
   </div>
   <div class='ocr_carea' id='block_1_5' title="bbox 0 0 1517 4920">
    <p class='ocr_par' dir='ltr' id='par_1_7' title="bbox 0 0 1517 4920">
     <span class='ocr_line' id='line_1_33' title="bbox 0 0 1517 4920; baseline 0 0"><span class='ocrx_word' id='word_1_300' title='bbox 0 0 1517 4920; x_wconf 95' lang='lat' dir='ltr'><strong> </strong></span> 
     </span>
    </p>
   </div>
  </div>
 </body>
</html>
