3000 4920
794 323 839 396 90

180 561 358 649 improbes,
389 563 466 648 quia
495 563 646 630 usitatius
677 565 736 650 sit,
769 585 866 649 quam
895 564 982 649 quod
1005 568 1163 630 mutatum
1187 570 1266 629 esse*
1281 559 1454 646 probabile

179 681 358 750 rideatur”.
394 681 489 750 Valla
515 684 751 765 „testimonium
774 705 813 751 eo
831 683 953 770 judicio
976 681 1167 768 perbibuit’'.

223 919 325 1004 crpus
346 922 390 984 52
413 917 438 1010 ξ
463 922 490 986 1.
522 920 616 988 Solus
644 920 861 988 Monacensis:
893 921 985 986 Μεσιδ
1010 919 1040 984 u
1062 924 1146 984 τοῦτο
1170 916 1366 994 Ἀλκιβιάδης
1390 916 1453 993 μὲν

178 1040 383 1124 Τισσαφέρνην
408 1040 608 1122 caperata&
630 1041 679 1106 ucri
703 1039 947 1114 adversitatibus
972 1041 1061 1124 Φίλος
1084 1040 1168 1106 ἔσσοιι
1192 1047 1251 1110 σοῖο
1276 1037 1451 1113 Ἀθηναίοις,

177 1158 291 1226 δεδιόσοι
321 1159 374 1236 μὲν
406 1157 473 1230 τοὺς
495 1159 755 1239 Πελοποννησίους,
778 1156 821 1225 ὅτι
845 1160 957 1225 πλείοσι
980 1157 1065 1224 νοινοὶ
1090 1162 1146 1223 σῶν
1171 1157 1329 1232 Ἀθηναίων
1353 1164 1453 1237 secpsi-

178 1303 250 1365 σοιν,
273 1278 450 1356 βουλόμενον
471 1277 502 1342 δὲ
523 1274 617 1355 ὅμως,
642 1277 666 1343 εἰ
689 1277 805 1344 δύναιτο
825 1302 887 1350 νιος
912 1278 1153 1352 πιστευθῆναι.
1199 1275 1328 1361 Reliqui
1351 1274 1451 1354 libri,

177 1397 275 1464 etiarn
305 1395 351 1474 B,
381 1398 565 1472 σεισθῆνοιι
597 1397 684 1480 quod
714 1397 836 1482 recepit
865 1397 1017 1466 Classen:
1048 1396 1173 1478 „dieser
1195 1394 1356 1462 hirchtete
1380 1395 1455 1461 sich

176 1533 260 1580 zuar
301 1534 358 1580 vor
400 1512 458 1579 der
496 1512 712 1582 Uebermacbt
754 1514 812 1581 der
849 1515 1116 1595 Lakediimonier,
1155 1514 1327 1600 eigentlich
1369 1513 1453 1579 aber

176 1633 339 1700 uiinschte
361 1652 398 1698 er
419 1632 472 1699 dis
494 1632 688 1700 Athenisohe
710 1633 853 1712 Alliann,
879 1656 967 1702 wenn
990 1655 1026 1702 er
1047 1656 1109 1701 nur
1132 1634 1234 1701 durch
1255 1633 1452 1718 geniigende

177 1748 310 1817 Griinds
331 1748 507 1834 iiberzeugt
529 1749 657 1817 werden
679 1750 800 1818 konnte
823 1751 914 1836 (dass
937 1773 973 1819 er
996 1754 1060 1819 den
1087 1751 1209 1820 Schritt
1233 1758 1299 1819 met
1323 1750 1455 1819 Sioher·

177 1870 245 1936 heit
275 1869 356 1935 thun
386 1868 548 1957 kdnnte'').
594 1868 736 1948 Quorum
766 1870 992 1937 refutationem
1025 1869 1134 1937 multis
1161 1870 1231 1955 jam
1254 1868 1349 1936 annis
1374 1875 1454 1936 ante

178 1990 269 2058 dedit
290 1991 472 2076 Kriigerus:
498 1994 666 2073 ‚praedicat
691 1992 745 2059 tort
769 1992 959 2070 Ἀλκιβιάδου
983 1993 1160 2070 μετοιθέσθοιι
1185 1990 1253 2073 πρὸς
1276 1991 1343 2064 σοὺς
1361 1991 1453 2067 Ἀθν-

177 2109 273 2182 ιοιιονς
296 2107 403 2194 (Sub).
434 2109 540 2177 Allein
563 2110 668 2177 dieser
689 2109 844 2178 Godanko
867 2112 1029 2178 ersohsint
1051 2112 1121 2178 bier
1136 2109 1281 2177 ziemlich
1296 2108 1451 2192 seltsam,

178 2227 222 2294 da
252 2227 484 2312 Tissaphernes
513 2229 621 2313 ltingst
650 2230 824 2316 iiberzeugt
853 2253 920 2299 war
948 2232 1023 2299 dass
1057 2253 1093 2298 er
1128 2233 1205 2299 eber
1228 2229 1282 2295 die
1304 2225 1454 2295 Athener

178 2346 227 2413 als
259 2345 310 2412 die
333 2345 583 2430 Peloponnesier
604 2369 644 2413 zu
667 2351 887 2415 unterstiitzen
909 2347 1022 2415 Grund
1044 2348 1128 2416 habe
1152 2346 1224 2434 (vgl.
1253 2346 1291 2426 8,
1314 2345 1377 2426 46,
1403 2346 1453 2433 4).

178 2464 270 2533 Aucb
298 2464 386 2531 kann
416 2464 487 2532 eine
517 2464 622 2532 blosse
652 2465 906 2551 Ueberzeugung
935 2466 993 2533 der
1022 2467 1080 2534 Art
1102 2466 1185 2535 ohne
1208 2466 1259 2533 ihr
1281 2470 1451 2552 gemiscas

179 2583 362 2651 Verfahren
384 2605 424 2649 zu
446 2583 553 2651 nichts
576 2583 700 2650 fiihren.
746 2582 855 2651 Daher
878 2584 1002 2653 scheint
1024 2587 1086 2653 mir
1108 2586 1160 2653 die
1182 2586 1239 2654 La.
1260 2587 1453 2663 πιστευθῆναι

181 2725 245 2771 ron
275 2703 396 2783 delen,
425 2723 516 2771 wenn
546 2703 649 2788 gleioh
680 2704 773 2770 meist
803 2702 1025 2772 schlechteren
1055 2705 1133 2773 Hsn.
1164 2707 1290 2791 (immo,
1319 2707 1363 2774 ab
1386 2727 1453 2773 uno

180 2823 377 2906 Monacensi)
398 2821 536 2908 geboten
559 2820 626 2887 und
648 2842 711 2888 ron
737 2821 796 2888 Va
820 2821 990 2906 bestitigt,
1013 2822 1098 2889 auch
1115 2823 1198 2908 jetzt
1221 2823 1274 2890 die
1301 2823 1452 2909 richtige.

180 2942 272 3011 Nach
301 2940 354 3009 ihr
383 2943 469 3006 witre
496 2939 553 3006 der
575 2937 671 3006 Sinn:
695 2938 839 3024 obgleich
864 2960 900 3005 er
922 2939 974 3005 die
997 2939 1247 3025 Peloponnesier
1268 2941 1452 3030 fiirchtete‚

180 3061 247 3128 und
271 3061 340 3127 also
364 3059 415 3125 ein
439 3059 600 3124 Interesse
623 3056 726 3124 daran
748 3055 839 3122 batte
863 3056 909 3122 sie
931 3055 1033 3122 durch
1051 3056 1258 3126 Theilnahme
1275 3057 1331 3124 fur
1345 3059 1451 3128 Athen

182 3200 222 3246 zu
245 3178 448 3259 schwiiohen,
480 3197 516 3243 so
539 3176 644 3243 wollte
667 3196 703 3245 er
725 3174 808 3241 doch
831 3173 884 3240 fiir
902 3173 983 3259 jetzt
1005 3172 1087 3241 noch
1110 3175 1180 3243 sich
1201 3176 1254 3242 ihr
1275 3183 1453 3246 vertrauen

183 3295 337 3365 erhalten.
375 3295 477 3361 Acuta
508 3295 604 3361 etiam
635 3293 798 3360 Dukerus:
829 3295 983 3369 Πεισοῆνοιι
1018 3295 1085 3376 „ita
1115 3297 1214 3363 etiam
1241 3296 1320 3382 legit
1345 3296 1452 3365 Schoh

184 3417 246 3484 Sed
278 3437 344 3483 non
371 3414 533 3497 intelligo,
564 3412 637 3498 quis
665 3412 707 3479 sit
742 3433 854 3479 sensus
888 3413 922 3479 in
945 3411 1031 3478 illius
1053 3412 1322 3498 interpretatione
1345 3416 1453 3485 Tissa-

183 3534 337 3620 phernem
367 3530 518 3598 metuisse
549 3529 677 3615 quidem
708 3529 885 3615 potentiam
907 3529 1231 3614 Peloponnesiorum,
1261 3532 1318 3600 sed
1342 3538 1452 3602 tamen

184 3652 342 3737 cupivisse
365 3649 426 3718 sibi
449 3648 491 3715 ab
515 3647 680 3714 Alcibiade
703 3647 906 3733 persuaderi,
930 3653 966 3714 ut
988 3647 1051 3713 illis
1075 3646 1211 3714 desertis
1235 3649 1452 3721 Athenienses

184 3771 289 3838 socios
312 3767 513 3835 adscisceret.
559 3765 641 3831 Nam
664 3785 704 3830 ex
726 3763 784 3842 iis,
808 3784 892 3848 quae
915 3763 1030 3830 deinde
1054 3786 1079 3831 c.
1103 3766 1147 3831 56
1171 3773 1204 3832 et
1228 3789 1256 3836 c.
1273 3769 1316 3835 57
1342 3772 1451 3839 dicun·

183 3894 253 3966 tur,
288 3892 425 3973 apparet
458 3880 722 3969 Tissaphernem,
747 3882 808 3948 etsi
830 3883 860 3948 ei
882 3888 1053 3967 suspectae
1075 3888 1168 3949 erant
1190 3884 1274 3951 vires
1295 3886 1452 3974 Pelopon·
1474 3925 1498 3938 -

183 4008 363 4087 nesiorum,
391 4009 500 4070 tamen
529 4023 585 4069 eos
615 4002 744 4068 minime
773 4001 913 4067 voluisse
944 4022 965 4067 a
994 4020 1028 4066 se
1059 3999 1201 4069 alienare
1233 4010 1266 4070 et
1290 4007 1498 4092 cupivisse:

184 4124 327 4205 efficere,
350 4129 387 4189 ut
409 4121 470 4189 sibi
492 4120 589 4188 fidem
611 4118 767 4186 baberent
789 4139 823 4184 se
846 4139 956 4185 eorum
979 4118 1155 4186 amicitiam
1178 4122 1328 4189 societati
1350 4124 1498 4193 Athe-

183 4243 342 4310 niensium
386 4237 577 4325 praeferre”.
623 4235 744 4315 Quibus
774 4235 922 4320 equidem
952 4236 1070 4302 haecce
1101 4237 1221 4306 addere
1252 4241 1365 4307 velim:
1403 4262 1498 4310 se·-

185 4361 317 4446 quentia
346 4357 446 4432 ἄλλοις
475 4383 509 4424 σε
538 4356 588 4423 xci
618 4355 714 4432 inerit
737 4356 789 4432 etv
811 4357 841 4421 ἕν
863 4364 901 4437 σῇ
924 4353 1013 4434 Κνιδφ
1035 4352 1176 4438 διοοΦοροδν
1198 4357 1262 4440 περὶ
1286 4364 1345 4426 τῶν
1368 4371 1498 4443 Onu*
