3000 4920
717 313 781 395 105

113 571 226 650 Σάμον.
276 570 395 649 Quatcr
426 571 466 637 ab
491 570 578 637 hisce
601 569 722 637 recedit
745 568 771 633 B
795 568 944 635 omittens
968 563 1004 631 αἳ
1027 575 1061 634 et
1083 569 1158 644 cal,
1184 565 1300 632 deinde
1323 582 1383 650 pro

113 689 248 770 ὁρμοῦσαι
285 687 438 756 exhibens
473 690 661 770 ὁρμοῦντες
692 695 725 755 et
756 708 816 772 pro
845 687 1041 758 ἑτοτλεούσας
1065 685 1262 752 substituens
1286 708 1383 759 τοοσ-

116 808 305 880 πλεούσας.
341 807 482 886 Quarum
507 809 647 875 omnium
670 807 738 875 fere
761 808 975 874 mutationum
1000 826 1099 873 causa
1114 803 1175 871 fuit
1190 806 1259 891 καί,
1276 803 1382 889 quod,

118 926 236 1008 effecit,
264 932 301 993 ut
323 921 355 991 αἳ
379 929 579 994 omitteretur
603 933 701 1012 utque
725 928 861 1008 ὁρμοῦσαν
894 926 1125 1011 depravaretur
1156 924 1190 988 in
1221 924 1383 1003 ὁρμοῦντα.

71 1084 73 1096 ·
121 1049 260 1133 Apparet
290 1047 386 1133 igitur
417 1046 610 1115 Vaticanum
642 1046 720 1114 ferri
742 1047 887 1132 potuisse
917 1045 1013 1112 modo
1043 1043 1228 1111 retinuisset
1258 1044 1315 1108 cal
1348 1045 1385 1114 ὡς

71 1185 73 1226 ;
119 1164 196 1232 εἶδον.
235 1167 395 1235 Vaticano
430 1175 538 1235 autem
573 1174 763 1254 tantopere,
798 1167 893 1234 modo
934 1165 983 1230 val
1023 1165 1199 1250 omittatur,
1239 1167 1386 1247 praestat

120 1285 355 1371 elegantissima
384 1287 532 1373 vulgatae
564 1291 743 1370 structura,
775 1291 811 1352 ut
842 1285 920 1369 quin
952 1305 1061 1351 veram
1091 1281 1211 1350 referat
1238 1302 1385 1363 manum,

120 1404 166 1470 vix
200 1404 373 1489 quisquam
407 1405 540 1472 dubitet
588 1405 679 1484 Quod
715 1406 756 1472 ad
791 1402 1012 1485 προσπλεούσας
1048 1402 1205 1487 pertinet,
1248 1399 1386 1467 fortasse

118 1526 377 1611 anteponendum
401 1532 450 1593 est
473 1524 623 1610 vulgatae
645 1523 862 1608 ἕτντλεούσας,
886 1522 973 1607 quod
997 1521 1037 1588 de
1061 1522 1164 1589 classe
1188 1521 1387 1607 aggredienti

116 1645 266 1730 usurpari
293 1644 384 1712 solet.
409 1644 506 1710 Valla
532 1665 604 1711 cum
633 1643 800 1729 periodum
827 1642 937 1726 plures
959 1642 994 1707 in
1015 1648 1127 1726 partes
1150 1640 1294 1707 diviserit
1316 1661 1387 1706 oer-

114 1763 213 1830 tiores
241 1784 301 1830 nos
325 1762 432 1831 facere
456 1784 519 1830 non
542 1768 666 1849 potcstx
702 1763 807 1847 „Ergo
831 1783 904 1828 cum
924 1761 1070 1829 omnibus
1094 1761 1229 1828 navibus
1253 1779 1385 1826 numero

114 1889 245 1950 centum
268 1902 307 1948 ao
331 1882 517 1961 duodecim,
543 1881 691 1968 Mycalen
711 1879 959 1967 proficiscuntur
979 1880 1078 1965 jussis
1108 1879 1240 1946 Milesiis
1275 1879 1389 1945 adesse

115 2000 263 2086 pedestri
295 2001 420 2069 itinere.
467 2002 505 2067 ln
539 2001 663 2067 Glauca
697 2006 805 2066 autem
842 1999 983 2085 Mycales
1018 2001 1191 2066 stationem
1222 1997 1390 2064 habebant

112 2119 200 2186 duae
231 2125 264 2186 et
296 2122 458 2206 octoginta
488 2142 585 2189 naves
618 2118 859 2187 Atheniensium
883 2140 900 2185 e
926 2118 1021 2186 Samo
1045 2116 1211 2203 profectae
1224 2168 1230 2182 .
1244 2168 1252 2183 .
1265 2168 1292 2182 ..
1329 2115 1390 2194 Qui

112 2258 218 2324 quum
252 2239 493 2324 prospexissent
526 2238 816 2323 Peloponnesiacae
850 2258 950 2306 naves
981 2259 1020 2304 ex
1048 2239 1183 2304 adverso
1207 2237 1388 2338 venientes,

111 2362 322 2426 secesserunt
343 2358 378 2424 in
400 2355 557 2425 Samum'’.
1201 2355 1206 2368 ¹

162 2477 245 2544 Ibid.
261 2476 353 2565 Vulg.
376 2478 465 2559 διέχει
489 2479 512 2544 δ’
534 2478 632 2557 ὀλίγον
654 2478 768 2563 ταύτῃ
795 2482 812 2555 ἡ
836 2478 938 2557 Σάμος
957 2487 1010 2554 τῆς
1027 2480 1158 2561 ἠπείρου
1174 2477 1201 2542 Β
1219 2497 1388 2563 perperam

112 2596 226 2679 adra,
251 2596 337 2682 quod
361 2596 454 2665 Valla
480 2619 565 2682 „qua
587 2597 700 2683 parte‘'
724 2599 891 2684 expressit.

162 2718 240 2801 54.
272 2715 365 2802 Vulg.
400 2717 639 2801 ἀνεχώρησαν,
673 2715 700 2780 Β
734 2715 818 2784 male
848 2716 1102 2798 ατεχώρνσανς
1135 2714 1273 2782 abeundi
1304 2715 1388 2780 enirn

111 2834 208 2903 notio
230 2855 296 2902 non
318 2834 466 2920 quadrat.
490 2833 584 2901 Valla
606 2842 709 2903 recte:
741 2835 864 2916 „Quum
889 2841 996 2901 autem
1021 2854 1056 2901 se
1078 2833 1112 2898 in
1137 2831 1267 2899 Samum
1290 2834 1389 2901 Athe-

113 2955 246 3021 nienses
269 2952 522 3021 subduxissent”.

164 3071 247 3139 Ibid.
270 3071 365 3158 Vulg.
389 3073 723 3146 καταπλεύσαντες
748 3073 795 3139 ἐπὶ
820 3082 872 3150 τῆς
897 3072 1060 3160 Μυκάλης,
1083 3079 1234 3140 accurate
1250 3073 1387 3149 dictum,

115 3197 156 3258 nt
178 3190 291 3257 Valla:
319 3190 382 3272 „ad
405 3191 553 3278 Mycalen
577 3191 680 3258 classe
703 3190 869 3277 appulsa''.
904 3192 931 3257 Β
955 3192 1138 3265 πλεύσαντες
1161 3191 1208 3257 ἐτὶ
1233 3201 1277 3257 Μ.

166 3311 244 3394 56.
279 3309 375 3396 Vulg.
414 3312 439 3377 oi
471 3311 494 3376 δ’
525 3310 669 3388 Ἀθηναῖοι
818 3314 958 3379 ἕτίττλονν
993 3313 1096 3380 αὐτοὶ
1131 3319 1278 3378 ποιοῦνται

113 3427 290 3514 βουλόμενον
329 3429 657 3512 δοανανμαχῆσανς
697 3445 720 3497 Β
760 3434 850 3498 αὐτὸ
885 3438 919 3498 et
960 3440 1225 3513 ναυμαχῆσαι,
1268 3436 1391 3497 utrum·

117 3570 185 3634 que
219 3547 435 3633 rejiciendum.
481 3549 565 3615 Illud
596 3550 679 3616 enim
711 3571 806 3618 sensu
838 3556 927 3617 caret
958 3559 991 3617 et
1026 3551 1161 3636 simplex
1195 3559 1391 3631 ναυμαχῆσαι

117 3667 224 3735 multe
247 3665 352 3733 minus
376 3664 593 3752 significanter
616 3672 665 3735 est
688 3668 818 3734 dictum.
844 3667 939 3735 Valla
961 3674 1064 3735 recte:
1091 3669 1271 3749 „Adversus
1296 3690 1393 3753 quam

115 3785 306 3855 vicissim
338 3785 548 3855 Athenienses
687 3787 939 3875 contenderunt,
1068 3789 1236 3873 proposito
1262 3789 1393 3855 decor-

117 3903 268 3975 canunt

169 4144 280 4230 Caput
310 4144 353 4211 80
384 4150 404 4230 ξ,
430 4147 458 4212 1.
482 4145 574 4231 Vulg.
601 4143 715 4225 ὥσπερ
739 4145 789 4210 καὶ
814 4144 847 4210 τὸ
870 4150 979 4226 πρῶτον
1068 4143 1264 4226 προσετάχθη.
1298 4143 1395 4210 Valla

122 4285 252 4351 quoque
283 4269 385 4331 recte:
421 4265 527 4350 „quod
554 4266 623 4350 J'am
653 4264 728 4331 inde
760 4285 800 4330 ex
822 4264 1041 4351 Peloponneso
1065 4268 1273 4350 praeceptum
1295 4260 1395 4329 erat''.

71 4466 73 4491 Ι
120 4384 148 4453 Β
173 4382 272 4471 ἕσπερ.

1280 4500 1296 4551 8
