3000 4920
783 296 826 361 48

172 554 238 599 rem
270 532 412 616 tetigerit
443 531 476 596 in
508 531 698 599 lectionibus
729 533 923 609 statuendis,
953 532 1080 600 obstitit
1102 533 1206 599 virum
1228 533 1359 600 doctum
1383 532 1444 599 sibi
1485 534 1494 657 ῗ

173 650 324 718 habuisse
347 671 536 735 persuasum
553 653 580 735 1)
603 653 742 718 omnium
764 652 920 720 librorum
943 652 1040 738 longe
1062 650 1359 737 praestantissimos
1374 669 1444 717 esse
1488 658 1494 747 ι

173 769 380 836 (lasselanum
411 775 444 836 et
473 770 693 855 Augustarum
717 771 835 837 -cui
864 769 1007 856 opinioni
1039 775 1150 837 nostra
1180 769 1311 854 quidem
1334 771 1441 835 aetate

173 908 266 954 nemo
300 888 561 954 assentietur-
585 888 775 955 Vaticanum
810 892 935 967 tamen,
970 887 1046 954 licet
1080 885 1208 972 saepius
1243 885 1444 953 Graecorum
1487 868 1494 979 ξ

177 1005 322 1072 codicum
353 1005 440 1072 solus
470 1027 576 1073 ueram
609 1005 766 1091 praebeat
796 1006 1004 1090 scripturam,
1034 1004 1141 1090 magni
1172 1003 1357 1070 iaciendum
1380 1023 1446 1070 non
1489 990 1494 1059 ἶ

175 1144 254 1190 esse.
289 1125 341 1190 Ita
375 1123 428 1204 fit,
462 1129 499 1189 ut
533 1123 560 1190 si
595 1143 692 1208 quarn
723 1123 844 1189 sariam
874 1122 1043 1190 lectionem
1074 1121 1203 1189 exhibet
1224 1121 1268 1201 B,
1300 1121 1445 1188 tenacius
1490 1116 1494 1213 ξ

174 1242 335 1308 interdurn
367 1241 480 1327 optimi
503 1240 576 1308 libri
600 1240 696 1308 fidem
722 1240 895 1327 infringere
923 1245 1056 1309 conetur
1078 1240 1203 1324 Poppo,
1227 1240 1284 1324 qui
1306 1237 1347 1306 ds
1371 1238 1443 1305 loco
1491 1234 1494 1293 ῗ

176 1366 286 1426 nostro
303 1359 331 1444 2)
355 1360 417 1426 sic:
456 1359 546 1439 „Vat
579 1359 681 1426 Beklr.
705 1358 740 1424 δι’
765 1359 865 1436 ὀλίγον
888 1359 983 1424 πονου.
1023 1357 1065 1423 At
1087 1357 1257 1425 formulam
1281 1356 1317 1423 δι’
1341 1336 1443 1435 aalys

176 1476 272 1543 modo
301 1476 380 1560 loci,
412 1477 523 1555 modo,
554 1482 591 1542 ut
622 1476 692 1553 hic,
719 1475 871 1562 temporis
898 1477 1039 1561 spatium
1070 1477 1288 1563 designantem
1319 1477 1446 1562 Thucy·

180 1595 271 1662 dides
302 1600 406 1677 amat,
440 1603 473 1663 et
503 1616 698 1681 quamquam
730 1595 939 1663 Athenienses
971 1595 1049 1662 alibi
1080 1617 1115 1663 se
1146 1616 1210 1662 non
1241 1596 1310 1663 sine
1332 1596 1446 1662 labore

181 1720 213 1779 et
235 1713 387 1797 paniculis
409 1713 577 1798 imperium
601 1713 661 1780 sibi
684 1713 848 1798 peperisse
871 1714 996 1792 dicunt,
1021 1713 1075 1779 hic
1097 1713 1153 1780 ubi
1179 1713 1363 1798 oppositum
1390 1713 1441 1788 ἤδη

180 1828 221 1894 de
251 1834 395 1914 tempore
427 1830 481 1912 agi
513 1830 625 1915 docet,
655 1828 769 1895 melius
798 1828 833 1895 id
859 1830 928 1915 jam
956 1849 1014 1915 per
1046 1830 1126 1896 satis
1159 1829 1289 1914 longum
1320 1834 1449 1914 tempus

181 1967 214 2012 se
247 1951 356 2013 tenere
381 1945 629 2032 gloriabuntur'’.
675 1946 771 2014 Hisce
801 1947 881 2014 nihil
913 1953 1021 2015 mutor
1051 1947 1220 2015 sententia
1265 1945 1341 2032 Ipse
1364 1946 1449 2012 enim

183 2065 231 2130 vir
261 2064 373 2131 doctus
405 2064 550 2131 concedit
580 2065 791 2134 Athenienses
823 2072 856 2132 et
878 2066 955 2133 alibi
977 2087 1042 2135 non
1065 2065 1134 2132 sine
1156 2065 1267 2133 labore
1292 2085 1326 2133 se
1349 2064 1449 2132 maris

181 2182 315 2267 imperio
349 2183 470 2267 potitos
504 2203 575 2250 esso
610 2183 780 2252 affirmare.
827 2184 944 2264 Quidni
978 2189 1011 2252 et
1043 2185 1117 2251 hic?
1153 2184 1255 2270 Magis
1290 2183 1378 2251 enim
1413 2189 1450 2250 ut

183 2302 350 2386 imperium
375 2323 465 2368 sunm
489 2302 663 2369 defendant
685 2301 894 2369 Athenienses
919 2302 1120 2369 adducentur
1134 2306 1319 2368 revocantes
1335 2300 1399 2368 sibi
1413 2303 1447 2367 in

183 2421 367 2486 memoriam
384 2427 505 2503 quanto
521 2419 632 2486 labore
649 2419 842 2504 quantisque
858 2419 1009 2506 periculis
1019 2421 1071 2495 clv
1084 2421 1240 2497 ἧνεμονιον
1252 2420 1452 2505 pepererint,

184 2559 281 2623 quam
317 2543 502 2622 reputantes
538 2558 573 2603 se
599 2539 668 2624 jam
699 2539 777 2605 satis
810 2540 865 2605 diu
897 2540 1002 2606 maris
1025 2539 1239 2625 principatum
1263 2540 1452 2606 obtinuisse.

185 2654 274 2734 Quod
305 2656 416 2741 Poppo
447 2655 598 2740 opinatur
628 2658 809 2743 oppositum
840 2658 891 2734 ἤδη
924 2658 964 2725 de
987 2663 1132 2744 tempore
1155 2659 1208 2743 agi
1231 2657 1366 2744 docere,
1390 2658 1451 2725 hoc

186 2774 214 2839 si
238 2793 345 2837 verum
368 2779 470 2859 esset,
502 2795 579 2840 sane
611 2775 733 2859 aliquid
757 2775 799 2840 ad
821 2796 888 2841 rem
912 2775 1065 2856 dixisset,
1095 2776 1143 2841 ita
1165 2781 1273 2842 autem
1296 2757 1362 2842 non
1387 2781 1454 2855 est3

188 2893 238 2968 ἤδη
270 2892 353 2957 enim
386 2893 561 2977 conjungas
593 2899 720 2978 oportet
746 2915 818 2960 cum
842 2895 993 2972 ἡγούμενοι
1016 2899 1054 2960 ut
1076 2894 1161 2961 vocis
1185 2893 1275 2961 locus
1295 2896 1366 2981 jam
1389 2916 1456 2960 rno-

187 3016 250 3076 net.
281 3010 425 3094 Denique
447 3032 561 3095 rogare
585 3013 678 3078 velim
701 3034 772 3080 curn
796 3013 943 3080 Goellero
968 3015 995 3080 si
1018 3013 1103 3079 πόνον
1130 3015 1456 3099 interpretamentum

189 3151 259 3197 esse
289 3135 399 3215 putes,
431 3130 590 3214 quomodo
621 3131 827 3215 explicaveris
850 3131 933 3197 libro
956 3130 983 3196 B
1007 3131 1185 3197 consentire
1207 3131 1397 3216 Dionysium
1421 3136 1454 3196 et

190 3247 339 3315 Scholion
363 3251 395 3313 et
417 3248 571 3333 imprimis
596 3248 739 3329 Vallum,
768 3249 858 3314 cuius
882 3249 967 3336 qnod
991 3248 1033 3314 ad
1057 3247 1189 3331 stirpem
1212 3248 1329 3314 attinet
1353 3249 1456 3314 codex

190 3367 270 3434 nulli
292 3387 418 3443 eorum,
443 3366 498 3449 qui
521 3370 659 3432 aetatem
681 3365 840 3442 tulerunt,
865 3370 914 3431 est
937 3363 1057 3430 similis.

237 3485 319 3551 lbid.
343 3483 432 3568 Vulg.
456 3486 681 3570 ἀποχωροῦσιν,
705 3496 726 3549 Β
752 3485 959 3564 ὑποχωροῦσιν
982 3488 1076 3550 recte.
1111 3482 1221 3550 Valla:
1255 3484 1437 3561 ,‚cederet”.

234 3603 315 3669 ibid.
337 3602 364 3666 B
388 3601 523 3666 alterum
547 3604 570 3665 εἰ
594 3601 712 3686 injuria
735 3603 864 3670 omittit.
889 3602 984 3669 Valla
1008 3604 1181 3688 expressit:
1208 3603 1336 3684 ‚,num''.

239 3838 345 3925 Caput
367 3839 408 3903 71
441 3835 518 3928 §a
549 3838 696 3905 Editores
726 3844 914 3922 receperunt
944 3839 1123 3924 mlgatam:
1154 3839 1215 3904 κοι
1245 3841 1284 3905 οὐ
1316 3841 1463 3907 πάντων

195 3956 272 4037 οἷμον
295 3960 323 4030 ἐς
346 3959 379 4022 πὸ
403 3957 475 4022 αὐτὸ
497 3957 693 4043 σκοπούντων,
728 3969 750 4022 Β
774 3959 834 4022 καὶ
856 3958 1024 4023 οὶποινπων
1047 3956 1143 4035 οἶμοι,
1168 3965 1204 4025 ιιι
1225 3957 1337 4027 Valla:
1366 3981 1462 4041 „nam

230 4255 258 4320 ι)
276 4256 309 4306 el.
326 4255 421 4319 Poppo.
438 4254 494 4304 Prs,
514 4254 547 4304 ll.
566 4252 622 4304 Vol.
640 4253 660 4302 Ι.
678 4267 736 4318 pag.
753 4251 793 4303 31.

231 4351 259 4413 ι)
276 4352 308 4403 cl.
325 4351 420 4415 Poppo.
438 4350 499 4400 ibid.
518 4364 576 4415 pag.
595 4348 633 4399 ll.
