3000 4920
118 357 145 403 H
630 347 871 405 PRAEFATIO.

117 578 283 661 ἐγένετο,
314 578 412 644 κατὰ
444 579 520 659 θέρη
552 578 613 643 καὶ
644 584 834 659 χειμῶνας
861 579 951 660 μέχρι
982 577 1016 646 οὖ
1045 581 1098 655 τήν
1121 605 1153 645 τε
1178 580 1278 662 ἀρχὴν
1302 580 1392 646 κατέ·

116 722 237 764 causac
259 704 315 764 τῶν
339 698 496 772 Ἀθηναίων
518 697 741 775 Λακεδαιμόνιοι
765 699 826 766 ari.
858 698 968 765 Verba
990 698 1129 781 γέγραφε
1236 705 1393 782 χειμῶνας

117 819 145 884 si
166 818 377 898 retineamus,
401 816 619 903 Thucydidem
641 817 741 884 totius
762 816 840 884 belli
862 817 1029 885 historiam
1055 819 1188 886 chartae
1211 819 1390 888 mandasse

116 959 244 1005 necesse
273 943 323 1004 est
351 943 549 1021 statuamus,
582 957 654 1003 cum
683 957 797 1004 revera
826 937 964 1023 scriptor
986 937 1167 1006 substiterit
1188 939 1223 1004 in
1247 939 1392 1007 conscri-

115 1058 221 1124 benda
252 1058 339 1142 apud
371 1055 475 1143 Cynos
506 1055 601 1123 Sama
631 1077 748 1142 pugna.
795 1056 883 1134 Quae
914 1058 998 1124 enim
1030 1057 1204 1126 Classenus
1233 1059 1321 1126 hanc
1353 1066 1390 1128 ut

115 1175 339 1244 difficultatem
360 1177 488 1243 tolleret
511 1176 550 1242 de
573 1175 714 1259 γέγραφε
737 1175 872 1243 tradidit
894 1198 972 1244 vera
994 1199 1064 1245 esse
1088 1199 1152 1246 non
1176 1179 1291 1266 credo,
1316 1200 1389 1247 oum

114 1296 290 1382 perfectum
321 1296 381 1363 nisi
414 1295 454 1362 de
478 1316 576 1380 opere
599 1294 744 1380 perfecto
766 1297 870 1381 possit
893 1296 1045 1382 intellegi.
1091 1298 1183 1376 Quod
1207 1306 1317 1366 autem
1340 1299 1388 1366 vir

114 1417 226 1483 doctus
257 1421 412 1501 provocat
442 1414 485 1481 ad
515 1414 536 1481 l.
564 1413 597 1480 ΙΙ
619 1435 646 1480 c.
673 1413 885 1496 Iylcpcrrar
909 1416 938 1481 il
960 1415 1027 1493 ἑξῆς
1050 1419 1087 1490 ὥς
1111 1414 1227 1483 taem
1251 1419 1386 1497 ἐγίγνετο

113 1537 195 1602 κατὰ
217 1535 290 1616 θέρος
312 1535 362 1600 acl
387 1539 525 1616 χειμῶνα
548 1573 592 1584 -
614 1532 667 1600 iac
691 1534 791 1601 verba
813 1534 931 1602 haecce
948 1535 1253 1623 aThucydideipso
1269 1538 1385 1606 ducere

113 1655 268 1742 originem
302 1693 346 1705 -
380 1675 494 1721 moneo
529 1653 707 1739 perfectum
742 1653 915 1734 γέγραπται
947 1655 1047 1722 multo
1078 1656 1232 1742 maj0rem
1264 1655 1384 1725 habere

114 1775 252 1861 speciem
280 1794 377 1858 quam
399 1778 544 1839 nostrum
567 1772 717 1856 γέγραφε.
757 1771 854 1859 ‚Opus
877 1774 962 1840 enim
985 1774 1197 1863 Thucydidis,
1222 1776 1319 1860 quale
1342 1775 1384 1843 ad

112 1916 171 1961 uos
202 1894 365 1980 pervenit,
390 1914 455 1959 non
478 1914 542 1959 uno
570 1898 682 1959 tenore
705 1891 837 1960 chartae
861 1898 911 1960 est
933 1893 1139 1981 mandatum,
1163 1894 1241 1979 sed,
1264 1901 1302 1963 ut
1324 1895 1383 1963 hoc

112 2014 267 2099 temporis
301 2019 422 2098 puncto
456 2013 542 2098 apud
574 2012 657 2080 viros
688 2013 799 2081 doctos
829 2019 972 2096 constat,
1005 2019 1062 2080 τῶν
1091 2021 1278 2098 συγγραφῶν
1308 2037 1383 2102 pars

113 2134 219 2218 prior,
250 2133 415 2200 continens
445 2131 562 2199 librum
593 2132 731 2217 primum
764 2154 866 2217 usque
890 2133 932 2199 ad
955 2132 1029 2199 libri
1052 2134 1157 2218 quinti
1180 2139 1280 2220 caput
1301 2135 1384 2202 vice-

102 2240 245 2331 simum,
281 2253 460 2337 composita
494 2258 583 2337 erat,
619 2256 792 2335 antequam
825 2250 903 2318 belli
934 2251 1201 2337 Peloponnesiaci
1232 2275 1286 2321 res
1309 2260 1384 2340 post

113 2394 232 2439 annum
261 2373 326 2437 421
351 2378 460 2457 gestas
484 2371 655 2439 enarrandi
680 2371 847 2438 consilium
868 2370 941 2437 iniit
964 2372 1112 2457 scriptor.
1160 2371 1246 2438 Audi
1270 2371 1383 2440 Kirch·

113 2491 244 2559 hosfium
261 2493 305 2580 1):
332 2489 562 2576 „Thucydides'
585 2489 861 2558 Geschichtswerk
871 2543 881 2578 ,
904 2491 961 2558 wie
978 2511 1012 2558 es
1033 2512 1095 2558 uns
1111 2491 1276 2560 dormalen
1291 2492 1385 2560 iiber·

111 2611 219 2681 liefert
248 2611 306 2692 ist,
336 2610 464 2678 besteht
494 2632 553 2677 aus
584 2609 659 2677 zwei
690 2609 779 2677 nicht
815 2610 850 2676 in
873 2610 977 2677 einem
1000 2611 1088 2695 Zuge
1111 2611 1383 2701 geschriebenen,

113 2732 251 2799 sondern
280 2731 314 2795 in
344 2730 447 2796 sineru
470 2729 656 2813 zeitlichen‚
688 2729 791 2794 seiner
814 2728 1033 2815 Ausdehnung
1056 2729 1140 2797 nach
1167 2730 1257 2798 nicht
1280 2732 1385 2799 nahor

111 2846 362 2917 bestimmbareu
391 2847 558 2915 Abstande
587 2868 648 2915 von
679 2847 833 2914 einander
862 2849 1096 2916 entstaudenen
1119 2847 1271 2930 Theilsn‚
1296 2850 1385 2919 einer

112 2969 303 3037 Geschichte
339 2968 396 3035 des
427 2967 561 3054 Kricgcs
592 2967 768 3033 431-421
800 2969 851 3054 (1,
887 2968 989 3047 1-5,
1023 2969 1079 3055 20)
1093 3019 1122 3038 ..
1140 3016 1169 3036 ..
1199 2969 1267 3036 und
1297 2971 1388 3039 einer

112 3090 197 3156 nach
219 3089 286 3155 404
309 3088 535 3173 geschriebene
558 3089 788 3172 Fortsstzung,
812 3085 900 3171 sqq.''
947 3088 1063 3172 Itaque
1088 3109 1161 3154 cum
1175 3088 1254 3156 belli
1270 3090 1387 3158 decen·

112 3209 196 3277 nalis
226 3208 361 3276 historia
391 3229 503 3275 revera
532 3228 554 3274 a
585 3207 740 3293 scriptore
763 3207 805 3274 sit
827 3205 1011 3293 elaborata,
1044 3208 1218 3289 γέγρυττυι
1243 3210 1387 3277 solemne

113 3336 163 3397 est
191 3328 369 3414 perfectum
399 3349 503 3412 neque
534 3333 570 3392 ut
602 3326 784 3412 opinionem
815 3325 959 3394 Classcni
990 3326 1224 3412 amplectamur
1252 3349 1386 3397 necesse

112 3454 176 3516 est:
204 3449 283 3531 „das
305 3447 485 3514 Perfectum
510 3444 681 3536 (γέγραφε)
696 3498 704 3515 .
719 3495 727 3512 .
742 3495 771 3513 ..
793 3446 837 3513 ist
858 3446 916 3513 wie
939 3445 998 3514 das
1021 3447 1194 3529 γέγρυιττυι
1219 3449 1257 3533 2,
1285 3448 1302 3513 1
1329 3450 1388 3515 der

114 3567 427 3636 schriftstellerische
451 3565 736 3653 Sprachgebrach,
761 3566 819 3633 der
840 3564 884 3631 im
908 3564 1017 3633 Geiste
1040 3565 1092 3632 die
1107 3565 1312 3652 Vollenduug
1329 3567 1386 3635 des

112 3695 400 3755 unternommenen
433 3686 566 3754 Werkes
600 3684 819 3771 anticipient.''
874 3685 919 3753 Ut
951 3685 991 3753 de
1021 3686 1093 3752 loco
1125 3707 1222 3771 supra
1251 3685 1390 3755 laudato.

114 3809 306 3875 sentsntiam
327 3805 470 3874 feramus
489 3808 632 3894 justam,
656 3811 787 3892 praesto
811 3805 904 3874 nobis
921 3809 970 3871 est
986 3804 1157 3891 Dionysius
1173 3795 1404 3874 Halicarnas?

114 3927 215 3994 sensis
249 3926 322 4011 qui,
357 3927 431 3994 odio
464 3947 522 3994 suo
552 3926 587 3992 iu
618 3925 806 4010 scriptorem
837 3922 991 3992 nostrum
1010 3929 1206 4006 commotus,
1236 3925 1271 3991 in
1301 3924 1387 3994 libro

113 4048 176 4129 περὶ
206 4053 262 4113 τῶν
290 4046 459 4113 Θουκυδίδου
482 4046 642 4125 ἰδιωμάτων
664 4045 752 4111 hisce
767 4042 880 4111 'verbis
902 4043 937 4108 iu
959 4042 1179 4127 Thucydidem
1201 4043 1387 4112 invehitur=

114 4167 250 4247 πρόσεστι
280 4165 311 4231 δὲ
339 4164 431 4247 τούτῳ
459 4165 509 4232 καὶ
540 4168 572 4232 τὸ
602 4166 646 4243 μὴ
675 4165 715 4238 εἰς
738 4160 769 4252 joi
801 4163 846 4229 δεῖ
873 4160 1029 4244 κεφάλαια
1060 4162 1301 4239 τετελευτηκέναι
1334 4166 1389 4242 τὴν

147 4435 175 4504 1)
195 4436 224 4489 Α.
242 4433 391 4501 Kirchhoil,
410 4432 574 4502 Thucydides
594 4431 649 4486 und
666 4429 723 4482 seiu
741 4427 1010 4481 Uckundenmateriel
1027 4427 1160 4497 pag.l'16⁸
1178 4429 1211 4481 cl.
1229 4443 1288 4499 pay.
1305 4430 1351 4488 85.
