3000 4920
733 322 756 386 4

111 556 232 636 ἑαυτοῦ,
270 557 470 625 transitivam
510 566 617 626 autem
656 558 924 644 significationem
964 559 991 625 si
1025 557 1201 643 intellegis,
1236 563 1383 642 praestat

113 671 300 745 Vaticanus.
1423 674 1426 681 ¹

156 794 234 887 §4
258 797 350 885 Vulg.
380 802 420 882 cpi
450 801 562 885 λιμένι,
594 814 616 867 Β
640 803 681 884 τῷ
711 801 869 882 μεγάλῳ
898 803 1003 878 λιμένι.
1037 800 1148 867 Valla:
1176 801 1230 882 „iu
1252 807 1386 888 portum

110 916 303 1006 mopnum”.
341 918 423 999 Quia
455 919 548 988 Valla
581 920 773 1007 „magnum”
805 920 921 989 litteris
954 921 1111 1005 expressit
1144 921 1299 997 cursivis,
1334 940 1387 986 se·
1426 919 1428 959 ³

112 1037 238 1123 quitur,
262 1038 296 1105 ni
318 1038 430 1119 fallor,
455 1046 491 1107 ut
513 1042 702 1108 vocabulum
726 1042 805 1108 illud
830 1042 870 1108 ab
895 1062 933 1108 eo
957 1061 1014 1108 suo
1030 1044 1133 1106 marte
1149 1060 1221 1106 esse
1239 1040 1385 1107 additum

113 1157 289 1225 credamus.
337 1157 428 1238 Quod
459 1160 493 1225 in
515 1172 538 1226 Β
561 1160 689 1243 μεγάλῳ
717 1169 879 1247 superest,
910 1181 1118 1246 nequaqnam
1141 1159 1216 1225 hinc
1244 1163 1387 1225 statueu·
1417 1192 1422 1247 3

113 1275 187 1341 dnm
222 1281 272 1342 est
305 1278 461 1362 optimum
497 1280 614 1346 librum
649 1280 814 1364 propriam
848 1278 1044 1365 Thucydidis
1078 1297 1211 1343 manum
1247 1276 1386 1356 referre;

112 1394 260 1480 equidem
283 1397 392 1480 potins
416 1396 545 1479 μεγάλῳ
566 1397 733 1465 tribuerim
750 1399 940 1484 correctori,
964 1399 1019 1482 qui
1043 1395 1195 1465 Scholion
1215 1398 1386 1465 consuluit.
1413 1386 1427 1477 l

113 1513 237 1581 Revera
271 1515 311 1581 de
346 1515 467 1601 majore
502 1516 597 1584 modo
632 1523 730 1601 portu
761 1538 940 1583 sermonem
971 1538 1040 1584 esse
1072 1538 1167 1602 posse
1198 1518 1315 1584 docent
1347 1500 1422 1625 6,}

116 1633 197 1714 102,
221 1634 250 1699 3.
275 1635 306 1720 7,
330 1634 369 1714 4,
392 1634 424 1699 4.
1415 1628 1428 1733 ξ

1416 1738 1428 1805 l.

158 1870 236 1958 Cap.
259 1873 282 1938 4
303 1871 327 1963 ᾖ
350 1874 382 1939 4.
406 1873 499 1959 Vulg.
532 1875 739 1953 ἐπαγωγὰς
770 1876 948 1950 ποιήσεσθαι.
984 1887 1005 1939 Β
1037 1875 1302 1953 traversaria
1340 1852 1428 1961 Ex}

114 1990 209 2060 van
231 1991 312 2059 nini
334 1993 447 2079 nques.
1422 1968 1428 2023 ³

114 2202 116 2206 ,
157 2109 235 2201 §fa
261 2112 353 2199 Vulg.
384 2115 425 2180 rel
456 2121 547 2180 πλιῖιι
580 2115 631 2193 ἤδη
663 2117 725 2180 ἐκεῖ
753 2115 793 2180 cei
823 2113 951 2194 μεγάλαι
981 2111 1088 2196 ὥρμει
1120 2114 1169 2178 acl
1202 2115 1233 2178 ιιὶ
1260 2120 1387 2195 τιιχεῖιιι

113 2239 194 2308 νῆες,
230 2238 333 2313 recte,
369 2238 405 2299 ut
439 2233 534 2301 Valla
568 2254 717 2319 quoqne:
755 2255 872 2316 „naves
894 2254 1031 2319 magnae
1054 2234 1176 2318 pariter
1200 2254 1237 2299 ac
1260 2232 1388 2301 veloces

109 2351 177 2436 jam
211 2351 251 2415 in
286 2350 465 2418 statione
501 2350 700 2437 agebant’'
746 2365 768 2418 Β
803 2352 941 2435 ὠρμιζετο
975 2352 1063 2438 quod
1097 2353 1226 2439 Poppo,
1261 2352 1318 2436 qui
1352 2339 1394 2418 in

113 2475 244 2537 auctore
281 2476 392 2539 nostro
431 2472 652 2556 cognoscendo
690 2473 829 2539 mirabili
868 2473 974 2539 studio
1009 2478 1058 2540 est
1091 2478 1254 2550 versatus,
1296 2471 1388 2540 hisce

113 2587 246 2657 refellit:
286 2588 376 2672 ,vat
409 2595 442 2656 et
464 2589 495 2655 H
517 2591 671 2678 ὡρμίζετο,
702 2593 809 2677 aptius
839 2591 892 2658 hie
923 2598 973 2659 est
1003 2592 1039 2661 ιἰι
1067 2592 1206 2661 alatione
1231 2612 1385 2672 monere,

112 2707 199 2793 quod
223 2711 380 2795 superiori
396 2713 531 2792 ἐφορμεῖν
547 2718 581 2779 st
596 2711 801 2780 antecedenti
817 2713 906 2777 ἔκειτο
922 2713 1111 2798 respondet,
1128 2732 1225 2797 quam
1241 2712 1388 2801 appelli,

113 2827 240 2898 intrare
261 2829 468 2900 stelbom&

157 2944 236 3037 §a
259 2948 350 3036 Vulg.
385 2950 653 3033 διεφθείροντο,
688 2939 711 3018 n'
741 2953 772 3017 oi
807 2952 938 3019 πολλοὶ
962 2951 1231 3034 διεφθείροντο,
1254 2952 1389 3036 quoda

113 3067 210 3135 Valla
240 3067 419 3137 stabilitur:
459 3069 622 3154 „plerique
654 3068 940 3139 conficiebantur''.
987 3069 1160 3136 Classenus
1184 3069 1264 3136 miro
1289 3069 1388 3139 modo

113 3187 235 3254 variam
264 3187 434 3254 lectionem
457 3188 612 3276 neglexit;
643 3188 796 3274 Popp01)
821 3193 928 3255 autem
952 3192 1049 3273 negat
1071 3188 1095 3251 oi
1120 3187 1220 3251 πολλοὶ
1244 3189 1388 3271 genuina

113 3326 182 3373 esse
205 3304 318 3372 verba:
344 3305 408 3388 „At
430 3327 495 3374 non
520 3328 630 3375 omnes
653 3313 770 3375 nautas
793 3307 945 3394 periisse,
976 3306 1122 3373 sicutne
1146 3305 1294 3373 exierunt
1317 3307 1389 3393 qui·

113 3427 185 3494 dem
217 3447 326 3494 omnes
355 3426 530 3517 lignatum,
558 3429 684 3498 etiamsi
710 3451 775 3498 non
798 3429 893 3498 claris
917 3429 1022 3497 verbis
1044 3429 1178 3514 dicitur,
1203 3449 1243 3494 ex
1266 3433 1388 3495 natura

112 3546 162 3613 rei
183 3546 277 3614 facile
300 3546 500 3632 intelligitur,
524 3553 561 3615 ut
582 3549 641 3616 tali
665 3548 887 3616 additamento
902 3549 1041 3617 libenter
1056 3544 1255 3615 careamus’'.
1282 3546 1387 3627 Quam

113 3665 275 3752 Popponis
309 3666 490 3750 opinionem
524 3667 713 3752 probarem,
746 3667 773 3734 si
803 3669 828 3733 οἱ
859 3667 962 3733 roaaol
996 3665 1155 3734 indicaret
1184 3687 1249 3732 non
1274 3688 1386 3734 omnes
1426 3714 1428 3765 ,

113 3790 231 3852 nautas
254 3784 405 3870 periisse,
429 3786 516 3870 quod
539 3793 647 3854 tamen
670 3808 779 3854 verum
803 3792 950 3856 nonest.
985 3786 1092 3854 Verba
1115 3787 1140 3853 ol
1164 3785 1266 3852 πολλοὶ
1292 3786 1386 3873 longe

114 3903 211 3969 aliam
235 3902 499 3989 significationem
523 3905 680 3991 praebent
705 3906 902 3974 sententiae:
936 3905 1062 3990 quoties
1085 3905 1242 3990 lignatum
1264 3911 1385 3974 nautae
1425 3966 1428 4003 ÷

113 4022 304 4109 prodibant,
334 4044 399 4091 non
429 4024 524 4109 pauci
552 4024 609 4092 sed
632 4025 754 4111 maj0re
777 4045 836 4110 pro
859 4030 952 4110 parte
975 4023 1017 4091 ab
1041 4024 1189 4093 hostibus
1211 4023 1385 4093 interficie-
1424 4008 1428 4101 ,ἶ

113 4143 248 4229 bantur,
280 4147 479 4228 quapropter
505 4143 645 4227 scriptor
663 4143 737 4230 jure
760 4142 854 4210 docet
875 4141 951 4210 inde
974 4140 1015 4208 ab
1038 4143 1101 4210 hoo
1123 4148 1268 4229 tempore
1290 4165 1384 4230 prae·
1425 4134 1428 4215 l

145 4415 174 4482 l)
191 4415 322 4480 Popponis
340 4427 402 4479 pars
420 4414 446 4464 11
464 4413 514 4465 vol.
532 4412 543 4463 1
561 4428 619 4480 pag.
636 4412 678 4464 43.
