3000 4920
733 326 776 403 69

108 574 179 651 μὲν
213 576 233 652 ἦ
265 573 433 654 ξυμμαχία
462 569 538 648 αὕτη
569 570 694 652 ἐγίνετο.
740 570 848 638 Verba
876 571 958 636 κατα
988 576 1089 636 ταῦτα
1115 570 1300 637 necessaria
1325 589 1391 636 non

111 713 186 761 esse
211 693 334 760 docent
356 691 419 758 leci
441 689 569 776 gemelli
591 711 620 758 c.
644 690 686 756 37
711 688 736 781 ξ
758 690 779 754 5
802 694 836 757 et
857 710 885 756 c.
909 689 954 754 58
976 687 1002 780 ξ
1023 690 1054 756 4.

159 928 272 1016 Caput
288 931 329 997 19
352 927 423 1020 §L
447 928 539 1015 Vulg.
561 929 643 1007 μετα
666 927 856 1006 δὲταῦτα,
880 939 903 993 Β
926 931 1040 993 τοῦτο.
1063 924 1159 993 Valla
1184 923 1345 1012 „postea”

160 1051 239 1134 52.
272 1047 364 1115 Libri
394 1049 529 1125 ἐλθούσης
667 1048 820 1126 cyreniu
847 1049 946 1120 αὐτοῖς
969 1047 1115 1112 σίτοτλεῖν
1138 1045 1240 1120 τιίλιν,
1264 1046 1324 1111 καί
1348 1043 1391 1111 ὅτι

114 1170 273 1251 Ἀμίρμνς
295 1169 452 1252 παρέσται.
477 1168 571 1237 Valla
594 1168 703 1237 omisit
726 1170 796 1253 καί,
811 1168 899 1254 quod
915 1167 1092 1235 sententiae
1108 1171 1253 1235 tenorem
1268 1163 1389 1234 turbat.

162 1407 275 1493 Caput
297 1408 351 1475 20.
385 1406 476 1494 vulg.
498 1401 574 1490 ᾧπερ
598 1408 732 1486 ἐγίγνετο
757 1406 808 1483 ἤδη
831 1409 919 1472 τῖισα
942 1409 960 1482 ἦ
981 1407 1175 1488 ναυαρχία.
1221 1405 1301 1474 Cum
1324 1427 1390 1474 non

114 1528 180 1595 nisi
203 1527 246 1595 de
269 1527 383 1596 elassis
405 1527 542 1614 imperio
565 1525 625 1594 fiat
647 1547 770 1608 sermo,
792 1525 924 1593 dubium
946 1531 1050 1595 restat
1064 1526 1204 1608 nullum,
1227 1527 1306 1612 quin
1321 1525 1390 1593 vul-

114 1654 196 1734 gata
221 1667 330 1714 veram
353 1645 505 1714 exhibeat
528 1645 742 1732 scripturam,
766 1665 850 1730 qnae
872 1645 970 1712 etiam
994 1643 1127 1712 aValla
1150 1651 1200 1713 est
1215 1665 1388 1731 expressa:

119 1788 241 1853 „penes
272 1789 368 1853 quem
395 1768 464 1854 Jam
495 1771 581 1835 esset
607 1786 732 1834 summa
752 1765 801 1832 rei
823 1762 977 1832 navalis.''
1022 1765 1068 1832 Ut
1089 1784 1188 1849 supra
1211 1784 1236 1830 c.
1257 1765 1298 1830 12
1321 1761 1346 1854 ξ
1368 1764 1391 1829 4
1473 1834 1476 1841 ,

116 1887 200 1953 miro
236 1886 331 1953 modo
365 1908 425 1972 pru
459 1889 526 1956 νεῶν
557 1884 584 1950 Β
614 1883 739 1951 rettulit
768 1883 938 1964 Ἀθηναίων,
969 1882 1077 1950 neseio
1107 1902 1171 1968 quo
1202 1888 1300 1968 pacto
1329 1902 1389 1968 pro

118 2004 271 2086 ναυαρχίαι
301 2009 413 2073 nostro
444 2005 515 2073 locu
547 2004 628 2071 dixit
656 2004 858 2085 ναυμαχία.
904 2000 988 2071 (lave
1017 2023 1059 2070 ne
1090 2008 1185 2088 putes
1208 2001 1250 2068 de
1273 2000 1390 2069 calami

119 2143 246 2203 errore3
279 2123 374 2208 quasi
404 2124 488 2191 enim
522 2122 563 2190 de
596 2121 755 2190 industria
787 2122 908 2190 lactum
943 2121 1002 2203 sit,
1035 2127 1087 2188 ter
1125 2121 1290 2208 scriptoris
1320 2143 1390 2188 ma·

119 2262 196 2308 unm
229 2241 432 2326 inquinatam
459 2240 636 2309 invenimus
662 2240 696 2306 in
722 2241 835 2308 eodem
862 2239 1018 2308 vocabulo
1043 2241 1213 2322 ναυμαχία.
1241 2240 1296 2328 (cf.
1327 2242 1389 2322 33,

120 2362 149 2428 2.
174 2361 237 2443 39,
263 2362 308 2448 1).

73 2624 75 2657 τ
164 2596 273 2685 Caput
294 2599 424 2682 2151.
447 2597 538 2684 Vulg.
561 2599 575 2664 ὅ
598 2598 686 2677 δῆμον
813 2600 841 2673 ἕς
864 2599 1022 2673 διακοσίους
1147 2607 1214 2667 τῶν
1236 2601 1390 2669 δυνατῶν

123 2720 293 2803 ἀπέκτεινες
325 2730 348 2784 Β
379 2723 444 2784 τῶν
474 2718 750 2797 δυνατυτιίτυνς
774 2718 1001 2804 superlativum
1024 2717 1211 2808 Classenus,
1236 2722 1324 2806 quod
1346 2722 1390 2790 ad

124 2843 266 2905 nestrum
287 2836 411 2916 locum,
435 2838 561 2924 egregie
584 2836 745 2904 defendit:
780 2840 857 2917 ,τῶν
885 2838 1094 2906 δυνατυτιίταν
1125 2838 1209 2907 habe
1240 2840 1294 2906 ich
1328 2861 1389 2908 aus

123 2956 194 3023 Vct.
225 2955 279 3022 fiir
300 2961 357 3022 τῶν
380 2956 507 3021 δυνατῶν
530 2954 774 3040 anigenommen
796 2955 863 3021 und
886 2955 967 3023 eben
991 2977 1027 3024 se
1051 2977 1077 3023 c.
1100 2957 1161 3036 48,
1187 2960 1204 3023 1
1229 2979 1259 3024 u.
1283 2960 1344 3040 63,
1368 2960 1390 3025 3

124 3077 146 3142 ιί
168 3075 376 3175 δυνατώτατοι.
412 3074 462 3140 dn
485 3072 595 3141 diesen
618 3074 740 3142 Stellen
756 3074 882 3142 werden
899 3075 952 3142 die
968 3075 1223 3162 angesehensten
1239 3077 1306 3144 und
1322 3077 1390 3144 ein·

127 3193 364 3262 llussreichsten
387 3193 523 3261 Minner
546 3192 605 3260 der
625 3193 734 3260 Partei
748 3193 1027 3278 hervorgehoben‚
1049 3194 1107 3262 vvis
1122 3196 1206 3262 auch
1224 3198 1252 3275 1,
1272 3197 1389 3279 115‚4

126 3313 277 3381 ebenfalls
311 3312 369 3381 anf
398 3310 540 3380 Samos.''
582 3313 739 3381 Vaticano
766 3313 927 3380 consentit
949 3312 1045 3380 Valla
1067 3314 1140 3399 qui,
1166 3315 1265 3401 paulo
1290 3338 1390 3402 supra

126 3439 246 3500 vertens
276 3440 336 3506 τοῖς
366 3433 497 3506 δυνατοῖς
529 3452 588 3517 per
619 3430 821 3518 ,‚primores’'‚
853 3439 964 3499 nostro
993 3432 1065 3500 locu
1087 3433 1318 3520 interpretatus
1341 3443 1391 3504 est

115 3553 280 3634 „maxime
302 3549 481 3637 potentes”,
508 3551 594 3618 unde
617 3571 690 3618 eum
713 3550 831 3618 vidisse
854 3551 1083 3637 superlativum
1107 3561 1253 3639 apparet

164 3672 246 3739 Ibid.
281 3671 375 3756 Vulg.
409 3672 609 3752 τετρακοσίους
643 3671 672 3737 δὲ
705 3679 792 3754 <puppi
823 3670 1022 3753 ζημιώσαντες
1054 3674 1104 3738 καί
1136 3675 1218 3740 αὐτοί
1249 3677 1301 3751 τὴν
1332 3685 1390 3754 γῆν

101 3794 215 3859 ἀὐτῶν
246 3792 297 3858 καί
328 3792 419 3863 οίκίας
451 3791 627 3870 νειμσίμενοι.
673 3790 812 3858 Bhisce
836 3789 928 3858 addit
949 3800 1101 3878 κατεῖχον,
1126 3794 1214 3878 quod
1238 3815 1316 3862 sane
1339 3797 1390 3862 in·

123 3911 285 3980 transitive
320 3914 513 3996 usurpatum
542 3909 630 3978 haud
661 3910 827 3997 displicet,
862 3910 924 3978 etsi
955 3911 1051 3979 etiam
1082 3912 1238 3980 vocabulo
1270 3914 1389 3983 omisso

122 4030 299 4099 sententiae
320 4036 467 4098 tenorem
490 4050 555 4098 non
570 4030 666 4097 eredo
683 4029 876 4116 perturbari.
899 4029 963 4098 Sed
980 4031 1122 4099 dandum
1138 4039 1189 4100 est
1203 4054 1268 4101 non
1282 4033 1388 4120 illepi-

118 4151 192 4219 dum
223 4170 296 4218 esse
327 4147 601 4227 additamentum,
633 4147 685 4215 cui
714 4169 781 4215 una
812 4148 906 4216 modo
937 4169 990 4217 res
1014 4151 1185 4235 quominus
1208 4151 1389 4239 Thucydidi

114 4272 280 4340 tribuatur
302 4266 421 4336 obstat
460 4265 543 4347 Quid
566 4268 650 4334 enim
674 4272 724 4336 est
745 4275 887 4349 κατεῖχον
909 4268 972 4335 nisi
997 4269 1187 4355 „imperinm
1208 4271 1387 4339 tenebant'’

111 4392 160 4466 vel
195 4389 333 4476 „urbem
356 4385 551 4476 regebaut’?
589 4387 680 4468 Quod
703 4409 775 4455 cnm
798 4387 845 4457 ita
867 4387 927 4469 sit,
951 4409 1045 4455 nemo
1068 4389 1200 4480 disent,
1225 4392 1303 4482 quid
1326 4391 1388 4463 sibi
