3000 4920
729 300 773 364 68

115 534 263 621 copulam
279 534 450 621 expressit:
470 535 667 620 „aderatque
683 535 713 603 ei
728 533 1004 603 Clazomeniorum
1019 538 1118 619 atque
1129 533 1389 622 Erythraeorum

115 650 308 739 peditatus.''
1077 735 1080 739 .

159 769 184 862 ξ
215 773 245 839 2.
279 770 369 859 Vulg.
400 772 619 853 προαισθόμενος
650 771 677 838 θ’
705 774 718 838 θ
742 773 963 855 Στρομβιχίδης
986 772 1228 854 προονήνετος
1258 784 1281 837 Β
1306 768 1390 848 ἐξοιν-

114 892 221 968 ήρεπο,
245 890 297 956 oui
319 889 433 958 Vallae
460 889 694 971 „abscessit”
718 896 826 976 potest
849 892 1055 977 respondere.
1089 891 1128 956 In
1150 894 1305 978 promptu
1330 886 1392 954 etsi

114 1015 164 1077 est
186 1009 292 1076 dicore
316 1009 542 1090 Στρομβιχίδης
564 1010 724 1090 ἐξονθγεπο
739 1011 759 1076 i.
776 1031 803 1077 e.
819 1016 948 1096 portum
964 1010 1112 1095 reliquit,
1132 1008 1264 1094 vulgata
1278 1013 1391 1074 tamon

114 1150 247 1218 prorsus
278 1129 392 1197 odiosa
419 1150 484 1196 non
515 1135 582 1198 est:
615 1132 731 1198 etenim
764 1152 835 1198 eum
865 1131 1109 1199 Atheniensium
1132 1129 1198 1196 dux
1222 1150 1391 1197 aceessum

114 1248 253 1315 hostium
286 1248 535 1334 praesensisset,
567 1250 614 1316 nil
647 1250 801 1317 miramur
838 1271 910 1318 eum
939 1251 973 1316 in
1002 1250 1102 1317 altum
1133 1242 1205 1317 vela
1237 1248 1389 1332 dedisse,

114 1371 289 1452 autequam
312 1368 437 1435 hostilis
461 1369 574 1437 elassis
598 1369 736 1438 adesset.

158 1485 236 1575 §a
271 1485 362 1572 Vulg.
391 1487 440 1551 κοθ
472 1485 599 1568 ἐπέσχον
629 1490 682 1565 μὲν
713 1487 741 1552 οἱ
773 1488 903 1552 πολλοί
911 1535 921 1566 ,
949 1487 1130 1553 Brentani
1154 1484 1268 1568 πεζοί,
1302 1483 1393 1568 quod

114 1625 137 1672 a
158 1605 253 1674 Valla
282 1606 462 1674 stabilitur:
497 1607 814 1692 „peditatumque
932 1605 1197 1685 introduxerunt,
1223 1603 1292 1688 qui

114 1746 240 1792 muros
263 1726 473 1794 demolitus
496 1724 581 1796 est'’

158 1843 239 1911 Ibid.
262 1845 353 1930 Vulg.
376 1847 511 1928 κοοθῄροον
534 1844 631 1930 αὐτοὶ,
656 1845 683 1910 B
699 1844 790 1913 addit
805 1843 953 1929 copulam
970 1867 1017 1921 τε,
1028 1868 1031 1873 ·
1044 1843 1084 1908 de
1100 1862 1166 1925 qua
1182 1841 1392 1909 vehementer

115 1962 227 2031 dubito
250 1962 292 2029 oh
316 1984 453 2048 sequens
477 1963 672 2043 ξυγκοοθήροον
694 1963 741 2031 δέ.
783 1962 878 2031 Valla
899 1962 1049 2046 neglexit

160 2080 243 2174 Ibid.
267 2080 358 2166 Vulg.
382 2083 450 2164 πρὸς
474 2083 602 2164 ἤπειρον,
626 2083 654 2148 Β
677 2086 764 2151 neoto
786 2083 824 2148 πθ
847 2082 915 2164 πρὸς
940 2082 1061 2163 ἤπειρον.

159 2199 241 2270 Ibid.
266 2199 360 2287 Vulg.
384 2197 420 2267 ὧν
444 2198 517 2282 ἦρχε
540 2200 676 2281 zellens.
711 2201 818 2268 Variis
842 2200 944 2277 modis
967 2200 1000 2266 in
1023 2199 1115 2267 libris
1137 2196 1279 2264 refertur
1299 2196 1394 2264 duois

114 2337 246 2396 nomen3
279 2318 306 2384 si
337 2326 446 2386 antem
476 2319 560 2386 idam
591 2323 656 2400 est,
687 2319 743 2403 qui
774 2318 855 2385 Xen.
885 2317 969 2386 Hell.
997 2319 1026 2385 l.
1052 2319 1081 2383 2.
1106 2317 1391 2402 admoneretur,

115 2440 201 2502 oerte
224 2435 428 2503 scribendum
451 2442 501 2504 est
523 2437 648 2514 Σοοθννς
666 2438 704 2522 ¹).

158 2699 264 2788 Caput
291 2704 328 2768 17
352 2702 376 2794 ξ
399 2705 431 2772 2.
455 2703 550 2789 Vulg.
574 2704 629 2776 ποθς
651 2729 690 2770 πε
813 2708 893 2776 νοῦς.
917 2699 1076 2787 copulam
1102 2718 1188 2783 quae
1203 2718 1271 2766 non
1289 2698 1394 2768 habet

115 2840 179 2905 quo
202 2822 354 2907 respiciat
376 2824 403 2889 B
427 2829 460 2891 et
481 2824 576 2892 Valla
598 2823 785 2891 omiserunt.

157 2938 182 3030 ξ
204 2941 236 3006 4.
260 2939 353 3026 Vulg.
378 2946 395 3019 ἡ
519 2941 685 3023 ξομμοοχίοο
803 2939 946 3018 ἐγένετο
963 2937 1029 3014 ἥδε,
1051 2941 1147 3004 recte.
1171 2934 1391 3013 Βὲγεγέννπο.

113 3055 222 3127 Valla:
246 3058 384 3126 societas
406 3058 489 3127 inita
511 3058 587 3127 est'’.

157 3323 264 3410 Caput
290 3324 330 3389 18
353 3323 377 3415 ξ
402 3327 431 3392 2.
466 3324 558 3411 Vulg.
591 3331 643 3392 ποῦ
676 3326 806 3397 πολέμου
842 3326 911 3407 πρὸς
942 3325 1127 3402 Ἀθννοοθονς,
1159 3322 1187 3388 Β
1215 3327 1296 3390 ante
1321 3324 1393 3405 πρὸς

112 3441 332 3528 immiteris,
355 3443 442 3528 quod
466 3464 537 3511 oum
560 3444 713 3513 Glasseuo
735 3446 926 3512 mutandum
949 3451 999 3513 est
1021 3445 1056 3511 in
1071 3449 1133 3511 ποῦ.
1158 3441 1277 3509 Valla:
1298 3442 1393 3524 „bel-

111 3560 242 3646 lumque
265 3581 337 3627 oum
361 3561 608 3629 Atheniensibus
632 3564 804 3631 dissolvere
827 3585 867 3630 ns
889 3563 1014 3632 liceat.''

155 3678 180 3770 ξ
203 3682 233 3749 3.
257 3679 349 3765 Vulg.
373 3680 503 3758 πολέμιον
526 3682 657 3747 ἔοποοοοον
671 3682 905 3759 βοοπολεῖκοοτίο
928 3689 1067 3760 τοῦτον,
1084 3696 1107 3749 Β
1123 3682 1220 3747 κοοτθο
1244 3682 1392 3761 reses,

112 3798 199 3881 quod
228 3802 337 3864 tuetur
367 3797 539 3866 Classeuus
570 3799 709 3866 laudans
736 3801 756 3866 l.
780 3801 809 3867 V
834 3821 862 3868 o.
888 3803 929 3866 18
951 3800 976 3892 ξ
999 3802 1032 3869 9.
1078 3800 1174 3868 Valla
1204 3821 1282 3866 eum
1308 3821 1392 3867 non·

110 3914 207 3984 nullis
228 3915 320 3982 libris
342 3918 424 3982 κοοτθ
446 3924 546 3982 τοῦτον
574 3918 738 4004 conjungit
760 3939 831 3984 oum
856 3920 972 4004 capitis
989 3917 1152 4004 sequentis
1168 3916 1283 4003 initio,
1300 3918 1394 3987 unde

110 4033 212 4100 oritur
233 4033 346 4115 lectio,
376 4053 459 4118 qnae
483 4033 623 4118 speeiem
646 4035 760 4102 saltem
782 4034 884 4103 hahet
906 4037 1000 4104 modo
1024 4035 1148 4104 scribas
1171 4037 1259 4102 κκπθο
1283 4044 1394 4106 τοῦτον

142 4365 171 4427 1)
189 4365 221 4416 el.
238 4363 320 4429 prael.
338 4376 397 4428 pag.
414 4358 485 4411 v111.
