3000 4920
746 308 791 374 65

81 538 84 569 ¹
109 539 230 619 μένης
257 563 285 608 a
312 540 434 610 Stahlio
458 561 523 610 non
544 547 718 629 receptunu
753 542 803 609 Ex
827 543 922 611 Valla
946 543 1026 610 nihil
1048 542 1232 629 proficitur:
1259 550 1404 631 „tempus

108 659 305 729 tererent&

155 779 256 848 Ibid.
283 779 374 868 Vulg.
397 781 532 866 ᾔσθοντο,
554 781 583 848 Β
605 782 725 851 rectius
747 784 912 867 ᾐσθάνοντο.

156 900 255 967 Ibid.
292 902 527 979 μᾶλλααύτοθς
550 903 658 970 omisit
679 902 725 989 B,
749 903 876 990 injuria

157 1017 191 1110 ξ
216 1022 254 1088 3.
294 1018 387 1105 Vulg.
417 1021 441 1085 οἱ
472 1019 499 1085 δ’
522 1022 614 1099 θλθγοι
645 1020 821 1102 ξυνειδότες,
853 1021 980 1091 Bante
1009 1023 1166 1102 ξυνειδότες
1197 1020 1404 1104 insentatas,

109 1160 189 1226 qua.
212 1139 262 1206 de
288 1139 404 1224 oopula
425 1140 599 1209 classense
623 1140 686 1208 sie:
711 1144 735 1208 ai
758 1144 850 1221 θλθγοι
872 1143 931 1208 καὶ
956 1142 1114 1222 ξυνειθθτες
1137 1143 1197 1209 mit
1219 1142 1293 1208 dem
1314 1140 1405 1219 Vae,

110 1259 168 1326 καὶ
205 1258 299 1326 fehlt
327 1258 362 1325 iu
392 1260 456 1327 den
484 1258 620 1345 iibrigen
649 1259 744 1348 flea,
774 1263 818 1329 ist
841 1260 919 1329 aber
941 1262 1031 1329 nieht
1053 1283 1093 1328 zu
1115 1261 1307 1328 entbehren:
1334 1259 1406 1339 „die

114 1401 159 1445 su
187 1377 253 1445 der
278 1376 532 1464 eligarohisehen
553 1378 663 1447 Partei
686 1382 843 1466 gehdrten
864 1382 932 1448 und
955 1403 1009 1448 um
1032 1382 1085 1450 die
1109 1380 1213 1448 Sache
1236 1375 1405 1445 wussten'’.

116 1498 200 1566 Non
222 1498 361 1583 illepide
384 1519 463 1566 sane
485 1499 657 1584 explicatio
681 1506 733 1567 est
755 1520 858 1583 neque
881 1511 990 1567 tamen
1013 1521 1086 1567 eam
1100 1500 1136 1566 in
1150 1499 1284 1565 Graecis
1301 1499 1407 1564 inesse

81 1680 83 1685 .
118 1618 301 1695 existim03
325 1617 353 1684 si
375 1617 453 1702 quid
477 1618 598 1685 mutari
619 1618 710 1695 lieet,
733 1619 895 1704 vulgatam
921 1619 1008 1685 huno
1030 1619 1066 1684 in
1088 1618 1218 1685 modum
1233 1616 1404 1683 emendare

81 1818 84 1823 Ι
119 1736 243 1803 velim:
274 1737 299 1800 οἱ
331 1736 357 1800 δ’
388 1737 481 1816 aaa
511 1738 536 1802 ot
563 1736 734 1819 ξυνειδότες,
766 1737 852 1821 quod
874 1737 965 1803 nulla
987 1737 1053 1803 fere
1076 1736 1255 1802 mutatione
1278 1733 1406 1801 afficere

81 1862 83 1869 '
122 1875 316 1941 possumus.
362 1853 479 1923 Valla:
505 1876 665 1941 „quarum
687 1854 917 1922 mittendarum
939 1855 1029 1922 tuere
1052 1855 1204 1921 authores
1227 1859 1296 1921 tum
1311 1853 1404 1919 multi

81 1994 83 2057 j
122 1996 241 2042 rerum
267 1974 462 2059 agitaturum
477 1975 597 2054 nescii,
620 1979 689 2042 tum
704 1976 814 2060 pauci,
836 1976 891 2060 qui
907 1973 969 2042 sibi
984 1979 1130 2042 aetorum
1145 1980 1238 2042 erant
1253 1971 1406 2040 eonscii'’.

176 2212 292 2296 Caput
317 2211 360 2278 10
381 2207 406 2300 ξ
432 2213 462 2276 1.
486 2210 583 2298 Vulg.
606 2211 835 2291 ἐπηγγέλθησαν
849 2213 927 2290 γὰρ.
951 2209 979 2275 Β
1003 2210 1096 2277 addit
1118 2211 1149 2275 αἱ
1172 2208 1303 2297 σπονδαί,
1321 2209 1407 2294 quod

126 2337 164 2398 et
187 2335 324 2417 propter
345 2329 368 2396 l.
391 2329 431 2398 V.
455 2351 479 2397 c.
502 2331 546 2396 49
571 2336 591 2416 5
615 2333 636 2398 2
658 2332 857 2418 (ἐπηγγέλθαι
871 2382 879 2397 .
894 2382 901 2396 .
917 2380 947 2395 ..
974 2333 1031 2403 τοὶς
1054 2331 1196 2416 enovata)
1220 2335 1253 2397 et
1275 2334 1408 2415 propter

128 2448 296 2537 pluralem
327 2449 555 2529 ἐπηγγέλθησαν
584 2452 788 2538 probandum
812 2451 966 2536 arbitror,
990 2449 1141 2535 quodque
1163 2457 1196 2517 et
1219 2448 1313 2516 Valla
1335 2449 1408 2515 red·

81 2622 84 2677 i
128 2569 236 2637 didit:
264 2568 405 2651 „indicta
427 2570 513 2637 enim
535 2570 666 2638 fueraut
687 2571 820 2639 foedera
842 2570 967 2639 dierum
988 2568 1177 2638 festorum.”

179 2685 266 2753 Ibid.
290 2685 381 2771 vulg.
404 2695 589 2774 Κεγχρειῶν,
613 2702 635 2755 Β
658 2695 825 2772 Κεγχρεῶν.

178 2803 204 2896 ξ
229 2803 378 2891 walp.
408 2808 433 2873 oi
459 2809 699 2885 Ἀθηναῒσι....
731 2811 864 2887 έπιῖγον
886 2813 915 2883 ἐς
939 2812 972 2875 τὸ
995 2809 1149 2893 πέλαγος,
1171 2820 1194 2873 Β
1219 2807 1352 2883 ὑπῆγον
1374 2804 1407 2871 in

134 2946 204 3010 qno
235 2924 332 2992 uerbo
362 2927 531 3011 aptissima
560 2929 646 2994 inest
674 2929 836 2996 sententia
857 2928 1018 2995 illiciendi.
1064 2927 1159 2994 Valla
1181 2927 1208 2992 B
1231 2924 1406 2992 consentit:

136 3042 288 3126 „obviam
321 3050 434 3113 euntes
466 3046 681 3115 Athenienses
714 3049 854 3133 primum
884 3049 917 3114 in
945 3047 1080 3133 pelagus
1110 3045 1231 3113 hortem
1257 3043 1408 3130 (cursivo)

133 3164 398 3246 subducebant'’;
429 3166 554 3235 fallitur
582 3174 691 3235 autem
720 3168 851 3236 verbum
883 3168 1011 3246 ὑπάγειν
1042 3168 1149 3233 activa
1176 3163 1408 3251 significatione

134 3303 311 3369 usurpans.

179 3399 205 3492 ξ
230 3404 261 3469 3.
284 3403 377 3490 Vulg.
401 3407 507 3480 αὐτοὺς
530 3413 636 3491 reete,
658 3405 686 3471 B
711 3409 821 3478 αὐτοῖς.
866 3403 962 3472 Valla
984 3403 1143 3472 consentit
1165 3402 1321 3487 vulgatae.

182 3640 290 3726 Caput
314 3643 354 3708 11
378 3641 403 3733 ξ
426 3644 458 3713 3.
482 3643 577 3730 Vulg.
601 3651 689 3711 reete
712 3643 914 3722 Ἀλκαμένει,
938 3655 961 3708 Β
985 3642 1167 3720 Ἀλκαμένη.
1198 3639 1309 3708 Valla:
1336 3637 1410 3719 „Al-

117 3757 295 3827 .eameni.''

182 3877 267 3945 Ibid.
291 3878 384 3967 Vulg.
407 3880 600 3957 ε’βοθλοντο
623 3881 761 3960 πέμπειν,
784 3893 807 3946 Β
831 3879 1063 3959 ἐβουλεύοντο
1086 3878 1223 3955 πέμπειν.
1247 3877 1328 3944 Cum
1340 3877 1410 3962 jam

140 3995 243 4064 multo
274 4002 350 4065 ante
380 3998 626 4068 Lacedaemonii
657 4001 801 4085 ceperint
829 4000 998 4067 consilium
1025 3996 1112 4064 Chiis
1136 3996 1315 4081 opitulandi
1338 4016 1411 4062 eum

142 4115 287 4202 quinque
309 4119 444 4187 naribus
467 4120 639 4189 Chalciden
663 4121 761 4201 duce,
788 4119 919 4187 lectioni
941 4118 1091 4185 Vaticani
1113 4116 1299 4194 ἐβουλεύοντο
1321 4115 1411 4182 loeus

140 4250 187 4310 est
219 4235 341 4306 nullus.
386 4239 546 4325 Vulgatae
576 4240 753 4325 respondet
782 4238 894 4305 Valla:
926 4258 1044 4323 „naves
1074 4236 1215 4320 quinque
1238 4233 1411 4301 mittendas

142 4365 380 4434 censuerunt
402 4359 575 4428 Chalcideo
598 4359 714 4428 duce.’'
