2962 4912
649 301 688 380 11

27 543 179 636 impedit,
211 554 402 637 praesertim
433 574 506 619 cum
529 553 692 620 Parisinus
716 553 835 634 codex,
869 554 1009 639 optimae
1032 557 1128 620 notae
1152 544 1249 630 liber,
1272 553 1300 620 ei

33 670 143 736 saltem
166 672 278 757 Poppo
302 693 378 738 vera
401 677 530 752 narrat,
554 672 653 740 etiam
675 671 847 738 servaverit
870 673 956 736 εἴκοσι
980 673 1028 737 aa}
1048 673 1164 741 ἑκατόν.

77 787 179 875 Caput
204 790 242 856 17
268 789 293 881 ξ
317 791 349 859 3.
372 789 465 875 Vulg.
488 791 512 856 oi
526 768 596 874 'arip
618 792 764 872 Κορίνθιον,
788 793 825 863 ὡς
847 787 877 855 ci'
894 816 928 856 τε
946 791 1084 873 πρέσβεις
1104 793 1203 864 αὐτοῖς
1220 785 1298 877 ἦνον,

42 919 61 971 Β
81 909 222 994 copulam
248 910 365 978 omittit
388 914 422 977 et
442 912 541 983 αὐτοῖς
564 914 638 995 post
659 912 696 983 ὡς
719 909 827 977 tradit
875 908 987 977 Vella:
1018 908 1119 991 „Nam
1142 907 1299 976 Corinthii

46 1034 241 1114 posteaquam
274 1031 316 1098 ad
348 1052 403 1098 eos
435 1036 591 1098 venerunt
614 1029 742 1116 legad'',
766 1050 838 1098 cum
864 1030 1020 1097 Vaticano
1039 1030 1113 1116 jure
1137 1027 1302 1094 desiderat

50 1171 92 1232 τε,
118 1149 199 1234 qnod
229 1171 295 1218 non
325 1149 424 1217 habet
454 1170 518 1235 quo
542 1154 672 1235 spectet
719 1147 872 1216 Ordinem
893 1147 1062 1216 verborum
1086 1148 1114 1214 si
1136 1147 1299 1214 examina·

52 1267 132 1348 rena,
152 1288 223 1334 eum
247 1289 376 1354 quoque
398 1290 471 1335 cum
492 1280 514 1333 Β
538 1270 637 1340 αὐτοῖς
661 1288 719 1334 suo
741 1267 813 1335 loco
835 1267 953 1353 legisse
975 1267 1043 1334 fere
1065 1266 1195 1334 dixeris.

90 1383 155 1451 Ibid.
179 1385 270 1473 Vulg.
293 1389 523 1459 ἀποστελνῢνννς
546 1387 672 1460 ὁπλίτας
695 1387 730 1451 ἐν
762 1397 806 1470 τῇ
838 1388 1005 1468 Σικελίᾳ.
1046 1388 1127 1459 Βὲς
1158 1387 1220 1459 τὴν
1243 1394 1298 1451 Σν·

58 1504 176 1584 statar,
206 1505 319 1573 Valla:
350 1506 416 1584 „ed
438 1505 611 1573 mittendas
635 1505 770 1573 eodem
794 1511 990 1572 armatorum
1021 1503 1162 1589 copias'’.
1200 1504 1300 1570 Recte

10 1632 13 1679 ὲ
59 1639 113 1687 cun
137 1635 155 1688 Β
186 1622 264 1710 legit
287 1624 316 1697 ἐς
340 1625 392 1699 τὴν
415 1633 467 1703 Σ.,
494 1628 532 1689 ut
559 1629 696 1709 apparet
718 1645 757 1690 ex
780 1623 933 1690 adverbio
962 1619 1111 1703 „eodem”
1136 1642 1199 1707 qno
1222 1641 1300 1688 usus

59 1743 109 1817 eat,
128 1761 163 1807 ne
184 1760 301 1808 nomen
322 1740 507 1826 proprium,
531 1741 630 1826 paulo
653 1763 752 1827 supra
770 1742 839 1828 jam
861 1747 1069 1829 usurpatum,
1093 1739 1275 1810 iteraretur.

92 1977 178 2064 eaput
199 1982 240 2046 18
264 1978 289 2070 ξ
310 1981 339 2048 1.
357 1980 450 2066 Vulg·
474 1982 521 2060 μὴ
545 1982 685 2048 aretam
710 1982 759 2048 ’τὸν
783 1981 920 2062 πόλεμον.
944 1980 1039 2048 Valla
1053 1981 1127 2068 jure
1143 2000 1216 2049 cum
1232 1981 1298 2047 vul·
1433 1998 1436 2005 ·
1460 1934 1465 1945 Ι

61 2101 117 2178 gna
133 2099 220 2184 juxta
242 2099 381 2181 τειχίζειν
401 2121 557 2185 praesens
572 2100 680 2167 νέννένννν
696 2099 847 2171 exhibere
861 2100 1002 2168 videturz
1029 2098 1217 2182 „Alcibiade
1229 2150 1237 2167 .
1249 2149 1256 2165 .
1270 2147 1299 2164 ..

63 2213 222 2285 admonente
246 2217 417 2285 Deceleam
440 2240 531 2287 muro
555 2219 786 2306 obeepiendum
808 2228 895 2306 ease,
925 2240 985 2286 nec
1007 2219 1127 2287 bellum
1150 2219 1299 2287 omitten-

64 2331 142 2405 dum'’.
172 2353 193 2406 Β
215 2341 336 2408 derivat.

93 2450 152 2542 §d
172 2471 194 2524 Β
218 2457 261 2524 ὅτι
284 2461 312 2523 τ’
335 2460 364 2532 ἐς
387 2448 546 2525 naaratha
569 2454 651 2534 dator
675 2459 811 2538 Θνβννῖνν.
836 2458 932 2526 Valla
947 2479 1020 2524 cum
1035 2458 1164 2542 vulgata
1179 2455 1300 2523 omittit

61 2574 239 2660 particulam,
264 2596 348 2661 quae
371 2576 467 2663 plane
490 2576 644 2645 abundet.

91 2688 153 2760 Ibid.
168 2694 258 2781 Vulg.
282 2693 309 2759 ei
330 2719 374 2767 τις
399 2692 478 2772 ἄλλη
504 2698 601 2769 αὐτοῖς
625 2696 749 2774 γένοιτο,
773 2708 795 2761 Β
822 2694 995 2773 §prytanea
1031 2694 1176 2778 Utraque
1198 2691 1295 2760 lectio

60 2802 128 2876 falsa
156 2813 401 2880 Restituendum
424 2813 550 2880 videtur
573 2836 645 2882 cum
667 2814 883 2882 Herwerdeno
906 2813 1074 2893 ἐγεγένητο.

90 2923 150 3016 §d
174 2930 268 3017 Vulg.
300 2931 398 3007 terrea
423 2931 447 2996 δ’
470 2932 495 2997 oi
518 2935 660 3008 'atavam
690 2940 757 3006 ταῖς
780 2932 933 3013 τριάκοντα
957 2931 1056 2998 saveir
1079 2929 1252 3016 ὁρμώμενοι,
1276 2943 1298 2996 Β

59 3044 120 3114 selus
147 3056 234 3118 recte
270 3056 345 3135 post
379 3052 478 3116 ναυσὶν
508 3051 622 3119 inserit
650 3051 684 3128 ἐξ
710 3053 848 3134 Ἄργους.
894 3052 1005 3120 Valla:
1040 3056 1096 3133 „at
1125 3055 1297 3136 postquam

57 3158 236 3234 Athenienses
275 3188 320 3235 ex
358 3189 453 3253 agro
492 3170 659 3255 profecti”.
705 3171 788 3239 Ecce
830 3170 977 3258 pulcrum
1012 3169 1191 3254 exemplum
1227 3189 1298 3234 cum

10 3332 15 3348 .
59 3276 140 3352 tatae
167 3287 243 3355 libri
273 3289 491 3373 praestantiae
519 3295 587 3357 tum
617 3291 801 3377 interpretis
823 3292 925 3377 ipsius
948 3291 1094 3359 inscitiae
1118 3289 1165 3357 vel
1188 3289 1296 3373 potius

13 3461 17 3470 .
58 3403 250 3491 negligentiae.
296 3406 438 3474 Dubium
469 3408 555 3475 enim
585 3431 651 3477 non
681 3415 731 3477 est
762 3411 839 3497 quin
862 3411 904 3497 ζέξ
925 3410 1053 3492 Ἄργους
1078 3408 1188 3495 legens
1210 3427 1297 3473 men·

10 3552 19 3593 ν
59 3513 112 3588 dote
132 3525 260 3594 verterit
282 3524 315 3602 ἐξ
339 3526 448 3608 appot!

10 3669 21 3710 ν,
88 3639 153 3712 Ibid.
177 3644 271 3730 ang.
302 3643 475 3728 Ἐπιδαύρου
505 3672 553 3728 τν;
588 3646 634 3714 sic
665 3668 793 3733 quoque
823 3646 926 3715 Valla.
960 3645 1137 3712 Vaticanus
1167 3650 1298 3730 praeter

60 3765 251 3832 necesitatem
275 3766 308 3831 τέ
330 3790 369 3830 τι.
393 3764 434 3833 cf.
459 3787 487 3833 c.
516 3767 555 3832 11
580 3771 601 3849 ξ
624 3767 654 3832 2.

10 3901 25 3946 2·
92 3876 156 3951 Ibid.
179 3883 272 3970 Vulg.
297 3885 493 3969 itpcrrv'cvro.
528 3897 551 3950 B
575 3886 727 3970 ἐλῄστευον
751 3906 790 3953 ex
813 3884 978 3970 scriptoris
1001 3904 1061 3950 usu
1084 3882 1214 3952 dictum.

10 4119 29 4187 d
94 4116 181 4208 Caput
211 4128 261 4195 19.
292 4125 385 4214 Vulg·
415 4129 526 4209 νέπὲχεν
557 4129 623 4205 aa
656 4131 799 4194 Δεκέλειαν
830 4126 963 4200 σταδίους
994 4122 1131 4204 μάλιστα
1161 4130 1213 4198 τῆς
1241 4127 1297 4186 τῶν

65 4230 184 4311 Ἀθηναίων
206 4249 316 4320 πόλεως
341 4244 492 4314 sincerasti
508 4247 628 4335 ἑκατὸν,
654 4249 915 4330 παραπλήσιον
937 4246 963 4312 δ’
985 4249 1023 4311 οὐ
1045 4243 1164 4323 πολλῷ
1186 4237 1296 4306 πλέον

66 4351 109 4418 κν)
134 4360 183 4428 iri
212 4373 275 4444 τῆς
305 4363 492 4440 Βνννννίννς.
527 4377 549 4430 Β
675 4368 938 4453 rapacitates
967 4365 1001 4433 δὲ
1032 4364 1093 4432 καὶ
1118 4367 1157 4433 οὒ
1179 4369 1295 4454 πολλῷ
1418 4361 1420 4370 ⁴

1162 4485 1195 4544 2*
