3000 4920
155 106 232 197 §a
264 109 354 196 Vulg.
386 108 435 175 ἅτ’
465 112 576 176 ἐκείνων
606 108 841 187 ἐπιστάμεναι
867 108 900 173 τὸ
923 106 1055 185 ξύνθημα
1079 111 1184 188 recte,
1209 114 1245 175 ut
1267 105 1359 173 Valle:

115 228 222 312 „quod
243 229 385 314 ipsorum
408 234 563 297 tesseram
585 228 744 297 nossent'’.
788 229 816 294 B
839 249 988 314 perverse
1012 228 1227 306 ἐπισταμένων.

157 351 178 429 ξ
201 347 230 412 6.
253 346 345 433 Vulg.
367 348 508 426 μέγιστον
530 347 560 413 δὲ
582 348 632 414 καὶ
656 349 714 428 οὐχ
739 346 844 422 ἥκιστα
866 346 988 428 ἔβλαψε
1007 350 1021 413 ὅ
1043 346 1240 426 ταιανισμὸς,
1264 345 1362 431 Bpost

112 464 233 546 ἔβλαψε
263 466 378 533 inserit
403 468 455 533 net
477 468 563 552 quod
585 488 649 534 non
672 466 814 551 quadrat
832 467 927 553 juxte
950 464 1164 552 superlativus
1188 465 1324 544 μέγιστοι
1340 463 1361 527 lt

112 585 162 650 καὶ
184 588 242 667 οὐχ
265 584 380 661 ἥκιστα.
412 585 521 653 Valla:
556 585 766 674 „Caeterum
790 584 879 669 quod
900 587 947 653 eis
970 586 1144 672 praecipue
1168 585 1294 669 nocuit,
1316 580 1362 648 fuit

113 705 289 774 modulatio
312 704 464 792 paeanis’'
1203 792 1206 796 Ι

156 822 180 914 ἓ
204 825 233 892 7.
257 825 350 911 Vulg.
374 823 570 905 κατέστησαν,
594 836 617 890 Β
642 825 831 899 καθίστασαν.
857 823 944 891 Vera
966 823 1081 892 leutio:
1103 823 1298 890 καθίστασαν.

157 942 237 1011 Ibid.
260 943 353 1029 Vulg.
376 949 464 1010 recte
487 940 590 1028 μόλις,
614 955 636 1008 Β
659 944 757 1021 μόγις.

156 1061 234 1153 §d
264 1062 355 1148 Vulg.
385 1063 482 1137 ἐπειδὴ
513 1065 541 1135 ἐς
573 1062 607 1127 τὸ
634 1061 745 1138 ὁμαλὸν
769 1062 793 1126 οἱ
817 1061 968 1142 σωζόμενοι
992 1058 1097 1126 ἄνωθεν
1120 1061 1365 1141 resedatum
1416 1128 1418 1153 ἰ

112 1182 141 1246 oi
171 1181 297 1248 πολλοί
326 1182 414 1259 ari,
446 1194 468 1247 Β
600 1179 705 1247 ἄνωθεν
734 1181 940 1259 καταβαῑεν
972 1181 1002 1247 ol
1029 1180 1094 1260 μὲν
1116 1183 1257 1247 πολλαί.
1287 1178 1366 1248 Vela
1415 1166 1418 1245 f

113 1301 379 1388 praestantiorem
413 1299 564 1368 Vaticani
593 1301 762 1369 lectionem
791 1299 915 1369 reddit:
951 1306 1005 1383 „et
1041 1305 1216 1385 postquam
1251 1301 1289 1388 ii,
1321 1296 1368 1382 qui

112 1421 287 1488 incolumes
311 1425 496 1508 evaserant,
520 1441 561 1487 ex
584 1421 694 1489 arduis
716 1420 796 1488 locis
819 1420 852 1487 in
876 1420 976 1505 plane
999 1418 1250 1498 descenderent,
1274 1437 1367 1488 eorem

113 1541 257 1627 plerique
288 1539 377 1626 sqq.''
412 1578 456 1589 -
489 1540 609 1608 Dubito
641 1563 683 1608 an
705 1542 804 1626 paulo
826 1541 913 1607 infre
936 1541 1004 1628 acl,
1029 1540 1064 1606 in
1086 1539 1137 1604 eal
1160 1537 1234 1616 door,
1258 1537 1367 1606 uncinis

116 1660 295 1746 includam,
328 1660 414 1745 quod
444 1658 627 1727 faciendum
657 1659 725 1727 fere
756 1666 853 1746 puto,
884 1660 962 1744 quia
992 1661 1017 1725 οἱ
1048 1659 1151 1726 πολλοὶ
1179 1659 1282 1726 eidem
1304 1655 1368 1725 mihi

117 1778 266 1846 videntur
287 1800 357 1846 esse
380 1778 499 1846 milites
522 1800 561 1846 ao
583 1777 640 1846 ὅτων
664 1775 738 1855 ἦσαν
761 1784 817 1846 τῶν
841 1779 979 1861 προτέρων
1002 1783 1186 1860 στρατιωτῶν
1202 1778 1239 1864 ¹).

161 2017 267 2104 Caput
297 2017 341 2084 45
372 2024 392 2103 ξ
419 2021 446 2085 l.
484 2018 578 2104 Vulg.
608 2018 689 2084 κατα
720 2018 754 2083 τὸ
783 2019 885 2099 χωρὶνν
916 2016 934 2100 ᾖ
964 2019 989 2083 ci
1020 2017 1133 2084 Boterdi
1164 2023 1275 2099 πρῶτον
1305 2017 1376 2104 (sive

116 2140 233 2220 πρῶτον)
257 2138 450 2223 ἀντέστησαν,
473 2150 495 2203 Β
519 2143 629 2218 πρῶτον
652 2136 717 2203 sive
740 2143 848 2218 πρῶτον
872 2158 936 2204 non
959 2137 1125 2222 expressit
1163 2135 1275 2204 Valla:
1309 2135 1377 2217 „ubi

116 2256 254 2341 primum
276 2256 389 2324 Boeoti
412 2256 626 2324 restiterunt&
658 2262 781 2342 Πρῶτον,
805 2277 869 2341 quo
894 2256 1053 2322 sententie
1076 2254 1240 2323 efficacior
1262 2255 1378 2341 fiat‚a

117 2375 258 2461 Stahlio,
290 2376 330 2442 de
354 2377 510 2461 scriptore
534 2376 655 2462 optime
676 2377 807 2460 merito,
831 2383 989 2442 retentum
1014 2396 1085 2442 esse
1109 2375 1223 2460 probo.
1270 2381 1379 2456 Πρῶτω

116 2495 323 2581 praetulerim
355 2495 513 2581 adjectivo
545 2502 664 2576 πρῶτον,
696 2517 768 2564 cum
799 2495 947 2579 quaestio
979 2495 1039 2575 sit,
1070 2494 1127 2562 abi
1148 2494 1297 2584 primum
1319 2515 1380 2562 non

116 2614 176 2704 qui
195 2613 301 2703 primi
323 2613 522 2682 restituerint
544 2613 669 2681 Boeoti.

162 2853 268 2940 Caput
284 2855 326 2920 46
343 2859 362 2938 ξ
381 2857 409 2920 1.
438 2853 529 2940 Vulg.
552 2842 702 2928 Γύλιππος
726 2854 756 2918 δὲ
779 2854 859 2919 κατὰ
879 2862 935 2931 γῆν
958 2854 992 2926 ἐς
1017 2855 1079 2928 τὴν
1102 2854 1274 2919 Σικελίαν
1289 2851 1383 2935 ᾤχετο

118 2969 215 3058 αὖθις,
247 2971 324 3051 ἄξων
354 2974 495 3053 στρατιὰν
518 2974 576 3054 ἔτι,
607 2976 687 3046 Βὲς
710 2976 771 3049 τὴν
793 2971 908 3048 ἄλλων
934 2974 1114 3038 Σικελίαν.
1147 2968 1234 3044 Αὖθις
1258 2976 1384 3057 spectat

118 3091 161 3158 ad
184 3092 246 3158 cl
271 3094 345 3176 92,
369 3093 424 3159 ubi
448 3094 560 3161 eodem
583 3092 649 3160 fere
671 3093 829 3179 leguntur,
848 3113 952 3176 neque
967 3092 1068 3178 igitur
1083 3097 1204 3158 temere
1219 3091 1385 3176 existimo,

116 3211 204 3277 illinc
240 3219 451 3279 correctorem
482 3210 577 3287 denne
608 3213 642 3278 in
673 3211 699 3278 Β
729 3213 912 3281 inseruisse.
957 3211 1074 3277 Mirum
1106 3210 1190 3278 enim
1222 3217 1327 3296 esset,
1359 3210 1387 3278 si

118 3329 256 3414 scriptor
293 3331 399 3415 capite
433 3337 545 3400 nostro
578 3330 675 3408 citans
709 3332 904 3410 addidisset,
941 3330 1101 3398 omisisset
1137 3337 1245 3396 tamen
1281 3331 1387 3415 capite

118 3448 442 3536 quinquagesimos),
481 3452 514 3518 in
548 3472 613 3538 quo
648 3452 760 3518 eedem
797 3451 942 3536 suppetit
972 3470 1092 3530 causa,
1123 3453 1256 3533 propter
1288 3469 1389 3534 quam

117 3568 212 3643 danne
236 3590 317 3654 opus
340 3591 411 3638 esse
435 3572 633 3640 contendunt
655 3572 713 3639 viri
736 3571 823 3638 docti
847 3575 976 3656 (nempe
992 3591 1065 3636 cum
1082 3569 1159 3636 urbs
1174 3568 1389 3655 Agrigentum

150 3839 178 3905 1)
195 3840 262 3892 conf.
280 3855 303 3891 c.
321 3838 354 3891 ls
372 3840 385 3905 5
402 3839 427 3890 5.

150 3936 178 4000 2)
195 3951 252 4002 cap.
269 3935 302 3987 50
319 3937 332 4003 5
349 3935 363 3986 l
382 3931 454 3994 ἦλθεν
471 3933 522 3984 are
540 3943 586 3997 τῆς
603 3935 729 3995 Σικελίας.
