3000 4920
724 341 767 406 14

112 600 186 647 voce
208 580 359 667 Popp01)
383 583 446 650 sic:
473 583 555 662 „VII
578 603 604 648 c.
629 583 681 649 26.
706 602 746 648 ex
769 582 841 649 Vat.
865 587 898 647 et
913 580 977 647 Par
992 581 1033 668 (l)
1058 579 1142 646 inter
1157 579 1205 643 sci
1224 587 1256 645 et
1276 564 1433 683 apocal-³1⁵

111 699 303 784 interposuit
324 697 410 779 ἅμα,
434 700 537 785 quod,
560 706 677 767 utnon
692 699 864 768 difficulter
882 700 1045 787 excidere,
1069 700 1117 767 ita
1131 700 1370 768 correctoribus
1378 750 1394 786 ‚.
1415 684 1434 773 ii

113 818 168 904 qui
197 819 257 886 hos
286 818 385 887 libros
408 842 473 887 non
495 842 571 889 raro
594 821 851 906 interpolarent,
880 821 1060 905 elegantiae
1086 825 1119 888 et
1139 819 1389 906 perspicuitatis
1430 802 1433 857 1

112 958 211 1005 cansa
245 937 322 1004 addi
355 937 512 1025 poterat”.
558 939 706 1018 Accedit,
737 940 824 1026 quod
856 941 1056 1027 praecedens
1087 963 1120 1005 τι
1150 937 1250 1006 talem
1276 938 1389 1007 reddit
1430 948 1434 989 i

116 1055 283 1142 signifieat
275 1078 379 1124 ronem
402 1058 635 1145 conjunctionis
658 1058 726 1137 xxi,
750 1058 830 1125 ut“
808 1083 877 1138 αριιι
900 1058 996 1145 plane
1020 1063 1219 1144 supervacet.
1431 1060 1434 1067 '

157 1174 234 1267 §ia
258 1175 386 1262 vulg!
372 1199 416 1241 επ
422 1175 527 1241 ἔπλει
551 1175 598 1241 ἐπὶ
623 1184 676 1251 τῆς
698 1178 854 1265 Κορκύρας,
878 1191 900 1244 Β
924 1180 1232 1266 correpsisset).
1262 1158 1434 1311 Ιιιιςθῐι···ύἶ

115 1296 265 1362 dumt
215 1300 265 1362 est
287 1318 347 1375 παρ
348 1294 442 1359 laser.
479 1293 592 1362 Valla:
628 1296 777 1382 „trajecit
798 1296 833 1363 in
855 1296 1061 1410 Corcyram'b
1431 1370 1434 1377 ,

159 1411 241 1479 Ibid.
264 1411 358 1496 vulg.
382 1412 446 1478 ὅδὲ
470 1421 615 1494 Χαρικλῆς
638 1417 824 1495 περιμείνας,
848 1418 891 1489 ὥς
916 1417 950 1482 τὸ
972 1417 1076 1497 χοιρίον
1091 1410 1268 1498 ἐξετείχισε,
1287 1400 1434 1505 Βὲιοςῖ

114 1532 208 1598 unice
229 1551 354 1611 serum3
379 1531 425 1598 sic
447 1530 542 1598 Valla
565 1552 751 1618 qnoque,
752 1540 799 1616 ,st
821 1533 1005 1616 Charicles,
1028 1536 1249 1620 usquedum
1272 1557 1389 1602 murus

115 1650 186 1717 loeo
210 1650 471 1736 circumdaretur,
496 1651 708 1737 permansit.”

161 1890 266 1977 Caput
289 1889 378 1982 rig
406 1894 433 1957 1.
457 1890 549 1978 Vulg.
573 1897 630 1958 τῶν
653 1896 782 1976 Θρριῶν,
807 1904 829 1957 Β
853 1891 972 1959 omittit
996 1890 1175 1959 articulum.
1431 1964 1434 1971 ,

161 2009 241 2078 Ibid.
271 2009 363 2097 Vulg.
396 2010 424 2076 ἕο
455 2013 495 2093 τῷ
526 2013 606 2094 αύτῷ
636 2012 705 2093 ύέρει
731 2011 834 2094 τούτῳ.
870 2010 943 2077 var
966 2017 1017 2076 τοῦ
1046 2009 1252 2092 abscidimus
1277 2012 1393 2083 τούτου.
1432 1986 1434 1993 ¹

116 2133 263 2216 Utraque
285 2131 380 2197 lectio
404 2131 553 2216 quadrat.
588 2130 698 2198 Vallar
725 2131 816 2212 „Hac
840 2132 953 2198 eadem
976 2128 1133 2198 aestate'’.

161 2250 186 2343 ξ
217 2254 247 2321 2.
279 2251 372 2337 Vulg.
407 2254 546 2341 δραχμὴν
577 2254 637 2337 γύιρ
668 2262 721 2331 τῆς
752 2255 862 2336 ἡμέρας
896 2251 1054 2326 ἕκαστος
1090 2253 1321 2333 ἐλάμβανεν,
1358 2268 1393 2323 Β.
1428 2272 1434 2331 ,ζ

118 2371 279 2450 istesso
303 2372 484 2452 dotationes.
509 2373 618 2442 Valla:
646 2395 804 2460 „namque
820 2374 936 2441 horum
953 2374 1070 2458 singuli
1086 2374 1229 2460 quotidie
1246 2374 1393 2461 singulas

119 2491 288 2559 drachmas
311 2491 541 2578 accipiebant’'.
576 2493 801 2562 Necessarium
824 2493 892 2560 fere
915 2513 1083 2559 numerum
1106 2493 1264 2578 pluralem
1289 2492 1394 2571 εὀιύρι-

118 2610 207 2687 βιινιν
229 2609 366 2678 libenter
387 2611 594 2698 recipiemns3
619 2613 705 2698 qnod
728 2617 837 2681 autem
861 2611 904 2678 ad
928 2612 1050 2678 sariam
1073 2611 1243 2679 lectionem
1264 2611 1396 2689 ἒιιύστιις

120 2728 250 2809 attinet,
274 2729 335 2796 hae
357 2730 391 2796 in
414 2751 449 2796 re
472 2751 493 2796 a
515 2728 671 2798 Vaticano
696 2730 846 2797 recedere
873 2729 982 2796 malim
1006 2750 1078 2795 cum
1093 2729 1268 2814 Poppone:
1296 2730 1396 2812 „Vat

120 2846 204 2913 male
233 2846 359 2925 ἕκύστις
390 2849 499 2931 ἡμέρας
530 2848 721 2935 ἐιύριβανον,
753 2855 910 2934 tanquam
944 2847 1049 2914 cuncti
1079 2869 1176 2914 unam
1199 2848 1395 2917 drachmam
1432 2892 1434 2897 ,

121 2964 348 3052 accepissent'’.
394 2966 491 3034 Valla
512 2967 600 3034 hand
624 2966 720 3034 dubie
743 2966 844 3035 refert
866 2963 1001 3039 ἕκαστος.

166 3082 190 3175 ξ
214 3087 243 3152 3.
267 3085 361 3172 Vulg.
386 3085 500 3169 ὕστερον
523 3087 552 3152 δὲ
573 3094 710 3171 φρουραῖς
735 3087 802 3154 ὑπὸ
824 3092 881 3152 τῶν
905 3087 1015 3152 πόλεων
1035 3085 1118 3152 κατα
1138 3086 1275 3168 διαδοχὴν
1291 3087 1399 3169 χρόνον

123 3205 314 3280 ἐπιούσαις
337 3217 374 3292 τῇ
397 3208 481 3293 χύρρι
504 3211 652 3291 ἐπῳκεῖτο,
677 3221 699 3274 Β
723 3209 796 3275 οὶπύ
818 3212 851 3275 et
873 3210 1061 3274 ἐπιουσῶν.
1087 3206 1223 3274 Omnino
1246 3208 1401 3281 ἐπιούσαις

124 3329 270 3410 praestat
292 3327 431 3410 genitivo
455 3325 619 3412 Vaticani,
642 3326 677 3393 in
700 3347 764 3412 quo
788 3330 897 3393 tamen
917 3325 1092 3411 simplicius
1109 3330 1141 3392 et
1158 3325 1262 3392 verius
1279 3325 1401 3412 legitur

124 3444 200 3523 ἀπό,
224 3443 310 3528 quod
333 3445 493 3529 pendete
516 3444 686 3530 participio
710 3445 868 3519 ἐπιούσαις.
905 3445 1002 3512 Valla
1025 3444 1274 3512 subobscurius:
1301 3467 1402 3528 „nam

125 3567 239 3648 postea
262 3567 348 3628 certo
371 3568 552 3648 temporum
575 3563 681 3649 spatio
701 3563 872 3648 praesidiis
892 3563 1055 3632 civitatum
1073 3564 1209 3631 invicem
1225 3565 1402 3634 succeden-

126 3678 214 3746 tibus
236 3679 363 3746 inscssa
386 3678 465 3747 est''.

172 3796 197 3890 ἓ
219 3798 251 3864 4.
275 3796 369 3883 Vulg.
392 3807 446 3876 τῆς
468 3797 531 3875 ἴοις
553 3804 679 3882 Φρουροῖς
695 3799 893 3877 καταύεούσιις
908 3825 943 3866 τε
958 3800 1010 3874 τὴν
1025 3800 1126 3882 χύραν
1142 3800 1191 3866 καὶ
1204 3850 1211 3866 .
1224 3849 1231 3866 .
1245 3847 1253 3865 .
1267 3852 1275 3882 ,
1291 3814 1314 3868 Β
1329 3853 1338 3871 .
1351 3853 1360 3871 .
1373 3850 1401 3870 ..

129 3919 179 3984 καὶ
202 3918 394 3995 κατιύεούσιρς
417 3945 451 3985 τε
475 3969 569 4001 .....
599 3919 632 3985 in
655 3918 772 4004 quibus
794 3940 945 4005 perverse
968 3920 1099 3987 additur
1121 3921 1173 3985 καί
1179 3969 1188 3998 ,
1217 3921 1307 4005 quod
1326 3944 1402 3991 sen·

127 4039 248 4105 tentiae
271 4044 416 4106 tenorem
439 4037 609 4124 perturbat
630 4058 735 4123 neque
759 4038 846 4124 apud
869 4037 995 4106 Vallam
1016 4038 1186 4106 invenitur.

163 4325 192 4391 l)
209 4326 242 4383 de
259 4324 323 4376 Arte
340 4325 434 4378 critica
450 4325 546 4391 Poppo.
563 4339 624 4393 pars
642 4324 677 4377 11.
695 4324 743 4376 vol.
762 4324 775 4378 1
792 4339 850 4392 pag.
868 4323 928 4376 133.

163 4422 190 4488 Β)
208 4423 276 4474 conl.
293 4422 374 4493 praei.
392 4437 450 4498 pag.
469 4421 540 4481 vru.
