3000 4920
764 289 809 357 34

150 524 234 592 Sane
258 526 414 612 eliganter
437 529 595 611 Stahlius,
620 533 654 596 in
679 529 784 616 Symb.
808 530 888 615 phil.
911 530 1013 596 Bonn.
1037 552 1068 615 p.
1084 530 1167 609 390,
1181 528 1290 595 locum
1306 527 1424 593 misere
1455 504 1463 635 ἐ

151 644 360 730 depravatum
384 649 537 716 correxit:
562 650 611 715 καὶ
634 647 703 728 ἅμα
726 657 793 722 ταῖς
816 655 887 727 γοῦν
911 651 1009 716 νανσιν
1017 647 1069 735 ,ᾖ
1094 651 1259 730 πρότερον
1284 648 1460 755 ἐθάρσησε,

149 768 316 846 κρασνόειςς
349 769 411 834 nisi
441 769 526 837 forte
556 770 651 837 Valla
682 775 715 836 ct
746 768 819 836 Vat
796 776 903 836 treano
926 769 1012 834 ftrea
1036 788 1132 853 praes
1133 771 1183 833 tat
1133 766 1301 834 lectio
1309 814 1320 846 ,
1344 726 1463 889 ιοοοΞ

148 886 283 968 θαρρῶν
274 908 308 952 ιιι
330 895 447 966 μᾶλλον
470 894 612 956 mutata:
629 889 679 954 xci
694 886 763 966 όόροα
779 895 846 961 ταῖς
862 892 932 966 γοῦν
948 886 1048 953 ναυσὶν
1063 888 1204 964 μᾶλλον
1220 887 1236 961 ἢ
1255 910 1299 966 πρ
1307 885 1460 1025 ό’περον

148 1005 285 1086 ε’όόρσνσε
315 1008 422 1088 apocal
424 1007 475 1082 είς,
522 1006 604 1086 Quid
636 1009 749 1074 mirum
782 1008 810 1074 si
839 1007 998 1074 credimus
1030 1004 1153 1072 Niciam
1182 1006 1285 1091 magis
1316 914 1464 1072 classel

150 1123 304 1191 confisum
327 1146 397 1191 esse
419 1131 553 1211 propter
576 1148 726 1212 magnam
749 1126 889 1212 pedest'
865 1147 948 1192 rrum
972 1124 1137 1210 copiarum
1160 1123 1317 1191 cladem'
1307 1146 1344 1189 ιιι
1363 1146 1416 1210 ορ·

149 1243 331 1329 pugnandis
354 1222 500 1330 Epipolis
524 1251 637 1331 accept
639 1268 709 1334 am,
742 1252 809 1313 tum
837 1247 934 1313 etiam
959 1244 1000 1312 ob
1025 1244 1161 1311 militum
1183 1243 1415 1312 valetudinem:

150 1363 219 1443 νόσῳ
248 1387 282 1426 πε
305 1363 365 1442 νόιρ
389 1363 530 1446 ἐπιέζοντο
552 1365 622 1431 κατ’
646 1367 824 1447 ἀμφότερα,
849 1373 901 1441 τῆς
924 1390 958 1430 τε
982 1363 1054 1447 ὥρας
1078 1369 1128 1430 τοῦ
1153 1367 1284 1461 ἐνιαυτοῦ
1308 1364 1418 1439 ταύτης

149 1618 220 1668 τὀπε
210 1599 320 1667 δεννσο
342 1602 444 1675 ἑλῶδες
468 1604 518 1668 καὶ
541 1604 680 1684 χαλεπόν
704 1600 746 1678 ἦν.

192 1717 263 1810 §2
286 1720 376 1808 Vulg.
392 1722 594 1804 τρεψόντοιι.
611 1723 637 1788 Β
654 1723 965 1804 recrearemur,
982 1722 1068 1806 quod
1080 1721 1175 1789 Valla
1189 1721 1421 1807 interpretatum

150 1843 217 1907 est:
244 1860 299 1921 „se
322 1840 474 1908 alerent'’⁸

192 1957 272 2025 Ibid
297 1958 389 2044 Vulg
411 1981 581 2046 perperam
604 1962 671 2034 σόος
694 1967 750 2027 τῶν
773 1961 951 2045 πολεμίων,
963 1973 985 2027 Β
1012 1960 1067 2026 σοι.

1450 1076 1464 1439 l

149 1482 233 1557 οὕσνς
257 1485 285 1548 ἐν
309 1510 325 1567 ρ
312 1483 510 1551 οισόενοῦσιν
533 1484 670 1567 ἅνθρωποι
693 1484 849 1570 μόλισσα,
875 1484 925 1549 καὶ
947 1483 982 1551 τό
1004 1508 1066 1565 χωρ
1067 1484 1107 1549 ιὀν
1130 1480 1198 1562 όόροα
1222 1484 1251 1548 ἕν
1276 1477 1297 1566 ᾧ
1316 1483 1418 1565 ε’στρα-
1371 1444 1464 2153 ρΞ

155 2193 302 2281 Caput
287 2198 365 2264 teo
387 2195 412 2287 Ε
437 2200 464 2263 l.
488 2197 618 2285 Vulg’
603 2224 632 2272 ες
655 2199 762 2285 φιλια,
787 2202 864 2272 Βὲς
886 2199 993 2287 Φιλόα,
1007 2197 1088 2271 (όιὲς
1112 2199 1226 2278 Φιλίαν.
1253 2196 1397 2265 Valla
1370 2170 1464 2307 ,Ξρη-

148 2314 316 2401 gratiam'’⁸
363 2316 410 2383 De
432 2317 569 2384 lectione
592 2339 657 2385 non
680 2318 777 2403 plane
800 2323 934 2385 constat
1461 2392 1464 2415 ι

194 2434 276 2503 Ibid.
308 2436 399 2523 Vulg.
433 2438 447 2503 ό
478 2437 507 2502 δὲ
533 2439 683 2511 Γύλιππος
707 2436 803 2512 allana
826 2462 860 2503 πε
883 2437 1024 2520 στρασιόιν
1047 2438 1159 2512 πολλὴν
1181 2437 1278 2523 ἔχων,
1303 2448 1326 2503 Β
1355 2437 1421 2502 ὅδὲ

149 2564 184 2621 Γ.
214 2556 310 2631 derna
341 2558 482 2637 capacia
512 2557 588 2637 ἔχων
620 2558 740 2635 πολλήν.
773 2558 887 2626 Valla:
920 2557 1097 2644 ,Gylippus
1122 2563 1230 2624 autem
1254 2558 1420 2625 adducens

65 2680 69 2685 '
151 2693 257 2742 secum
280 2672 312 2742 et
335 2697 375 2742 ex
398 2675 508 2743 Sicilia
531 2698 682 2762 magnam
705 2679 768 2744 vim
792 2678 927 2744 militum
951 2676 984 2745 et
1007 2675 1096 2763 sqq”.
1132 2677 1309 2763 Copulam,
1334 2697 1421 2743 nunc
1461 2748 1464 2755 ,

146 2793 219 2878 jure
243 2794 402 2874 additam,
428 2798 548 2864 omittit
569 2799 606 2864 Β.

194 2909 262 3001 §2
294 2913 386 2999 Vulg.
417 2914 519 2980 δόντων
549 2918 710 2997 Κυρηναίων
739 2919 856 3000 τριήρεις
886 2917 944 3003 1δύο
968 2915 1018 2982 καὶ
1041 2923 1091 2984 τοῦ
1115 2923 1226 2990 πλοῦς
1251 2914 1421 3004 ἡγεμόνας,

149 3043 171 3096 Β
194 3032 267 3098 δυοῖν
289 3055 459 3118 perperam
482 3056 540 3120 pro
557 3035 946 3119 ado,s01usantcmrectc
962 3042 1060 3104 ποιοῦ.
1084 3035 1196 3104 Valla:
1216 3057 1338 3120 „quum
1351 3088 1358 3103 .
1371 3088 1379 3103 .
1392 3085 1421 3102 ..
1460 3018 1464 3031 ⁸

150 3153 195 3222 eis
212 3153 367 3240 Cyrenaei
384 3155 465 3223 duas
481 3157 627 3223 triremes
641 3157 820 3239 dedissent,
837 3163 869 3224 et
881 3157 1049 3224 faciendae
1061 3156 1273 3242 navigationis
1286 3156 1419 3224 duces”.

194 3271 218 3362 ξ
242 3274 387 3360 3.'ang.
410 3274 492 3340 ἀλλ’
517 3275 534 3351 ἢ
558 3277 605 3353 μὴ
629 3281 758 3357 φανερῶς
774 3302 812 3355 γε
828 3275 915 3354 aaran
930 3275 1127 3362 ψηφίζεσθαι,
1145 3275 1172 3340 Β
1188 3280 1222 3341 et
1237 3274 1420 3361 complures

150 3391 206 3457 alii
235 3392 309 3459 libri
338 3391 427 3460 όοινιο
458 3395 484 3461 ει
517 3397 583 3480 μιν,
614 3417 711 3480 quam
742 3395 914 3463 lectionem
946 3395 1093 3463 omnibus
1117 3394 1193 3461 viris
1216 3394 1320 3460 doctis
1345 3415 1421 3480 pro·
1452 3446 1464 3489 ··.

149 3509 301 3580 bentibus
332 3514 442 3600 Poppo
472 3515 607 3583 refellit:
645 3516 778 3599 „Itaque
814 3517 830 3594 ἢ
866 3517 1003 3602 primum
1027 3537 1086 3600 per
1108 3517 1132 3580 ει
1155 3516 1198 3591 μιν
1222 3514 1421 3598 explicatum

146 3629 284 3710 ridetur,
309 3632 422 3700 deinde
446 3634 576 3718 negatio
599 3635 641 3711 μιν
665 3634 706 3701 ab
730 3635 936 3701 emendatore
960 3633 1090 3718 addita,
1114 3640 1150 3699 ut
1169 3632 1240 3720 loco
1257 3632 1421 3703 sententia
1462 3686 1464 3691 .

150 3749 339 3817 constaret’'.
368 3751 462 3819 Vella
485 3758 572 3819 recte
598 3759 655 3835 „ut
680 3753 771 3820 Nicia
790 3755 859 3840 jam
882 3775 946 3821 non
970 3753 1051 3820 adeo
1076 3751 1335 3832 contradicente,
1363 3750 1422 3818 sed

149 3872 275 3936 tantum
298 3873 482 3956 postulante
505 3894 545 3939 ne
568 3874 677 3958 palam
701 3871 952 3940 decerneretur.''

150 4109 240 4175 varia
262 4109 356 4176 lectio
380 4110 527 4177 ducenda
550 4115 600 4177 est
618 4111 713 4196 juxta
735 4113 776 4184 ὡς
799 4111 929 4196 proprie
952 4110 1091 4194 adpicta.

193 4344 299 4430 Caput
331 4347 373 4410 51
409 4343 433 4435 ἓ
469 4348 497 4410 1.
533 4344 624 4430 Vulg.
658 4347 682 4411 oi
716 4347 744 4411 δὲ
775 4349 943 4428 Συρακόσιοι
969 4347 1018 4412 καὶ
1048 4346 1128 4411 αὐτοὶ
1153 4351 1237 4413 τοῦτο
1263 4347 1419 4427 πυθόμενοι
