3000 4920
797 279 839 354 1'0

227 524 304 618 §4
336 527 429 613 Vulg.
461 529 484 593 εἰ
514 528 559 593 δεῖ
587 533 693 611 σοφῶς
724 530 820 606 ὑμᾶς
851 529 961 602 εόδόποιο
992 530 1116 596 πόνόόδε
1145 530 1376 608 doctrinarum.
1413 528 1454 598 In

181 660 203 713 Β
228 638 321 716 abest
343 651 439 727 ὑμᾶς,
471 668 535 733 quo
558 649 619 716 etsi
643 649 780 717 libenter
802 646 966 731 curemus,
994 655 1100 716 temen
1123 671 1200 717 num
1224 653 1363 737 scriptor
1386 654 1462 738 ipse

174 779 289 834 *vocem
320 767 480 854 omiserit,
513 767 633 836 dubito.
682 768 794 837 Vallo:
827 769 996 849 „simodo
1020 770 1113 836 decet
1135 790 1191 837 ros
1215 769 1313 838 rebus
1336 773 1461 839 nostris

181 890 292 972 aperte
315 886 451 972 cognitis
475 887 687 955 deliberare''.

226 1122 332 1209 Caput
364 1125 406 1190 15
436 1123 460 1215 ᾖ
494 1129 521 1191 1.
552 1124 648 1210 Vulg.
675 1126 777 1200 ,ἐπειδὴ
904 1128 938 1192 ἐκ
966 1126 1186 1201 Πελοποννήσου
1218 1125 1299 1202 ἄλλο
1329 1131 1461 1210 σπρμπιοὶ

180 1242 365 1324 προσδόκιμος
397 1246 544 1328 adroic,
576 1242 812 1322 βουλεύεσθε.
846 1257 964 1313 Β....
995 1244 1202 1331 προσδόκιμοι,
1237 1247 1341 1313 edroi
1376 1247 1460 1325 βου·

183 1359 377 1426 πεύσεσθε.
422 1357 540 1446 Vallor
567 1383 685 1446 „quum
718 1361 800 1429 elius
832 1382 850 1427 e
880 1362 1100 1448 Peloponneso
1130 1364 1290 1430 exercitus
1321 1385 1459 1450 exspec-

179 1485 283 1560 tetur,
316 1478 530 1547 decernatis”.
554 1479 603 1545 Ex
625 1480 714 1548 hisce
737 1480 818 1547 nihil
840 1480 1012 1549 lucramur.
1061 1481 1152 1562 Quod
1176 1483 1219 1551 ad
1242 1486 1365 1552 ranem
1386 1485 1459 1552 lec·

180 1584 312 1666 tionem
339 1599 472 1677 attinet,
510 1618 629 1684 anceps
667 1598 796 1667 haereo.
842 1600 939 1669 Ouios
977 1601 1061 1668 enim
1099 1608 1150 1670 est
1185 1603 1357 1671 decernere
1393 1605 1459 1672 nisi

180 1718 443 1786 Atheniensium?

226 1838 307 1905 Ibid.
329 1837 422 1923 Vulg.
454 1837 516 1912 ἐμοὶ
551 1837 586 1903 δὲ
619 1836 751 1918 διόδοχόν
780 1863 848 1903 πινοι
870 1851 892 1904 Β
918 1841 950 1905 τό
973 1845 1075 1917 recte,
1109 1844 1142 1906 et
1163 1839 1275 1907 Valla:
1303 1841 1457 1922 „etmihi

18 2024 29 2043 ,
63 1933 74 2019 J
182 1957 427 2026 successorem''.
473 1956 621 2023 Vaticani
653 1956 770 2041 copule
803 1955 905 2041 magis
936 1977 976 2022 ex
1007 1956 1172 2041 scriptoris
1202 1949 1255 2025 est
1288 1980 1348 2026 usu
1381 1966 1457 2046 post

60 2091 65 2101 '
181 2078 291 2164 priore
308 2075 475 2142 ,mandata
505 2074 601 2152 ἄλλον
617 2076 774 2158 σπροιπιδιν
803 2075 846 2154 μδ
879 2075 996 2142 cudero
1020 2076 1196 2156 ἐπιπέμπειν
1219 2079 1269 2144 κοιὶ
1292 2078 1382 2161 πεζῖιν
1404 2081 1454 2146 καὶ

180 2197 333 2275 νοιυπιιοῆν,
358 2193 407 2261 ucri
431 2196 578 2277 χρήμοοποο
599 2195 641 2273 μδ
665 2195 766 2274 doira.

224 2434 331 2519 Caput
356 2436 396 2501 16
419 2433 444 2526 ξ
470 2436 496 2502 1.
531 2435 623 2520 Vulg.
646 2434 788 2516 σπροιπιόιν
812 2433 838 2499 δ’
862 2431 958 2511 ἄλλον
981 2435 1218 2518 ἒψνφόσοονπο
1241 2437 1370 2516 πέμπειν
1391 2439 1452 2504 arei

180 2557 314 2630 renotuit
347 2556 397 2620 nai
433 2554 560 2637 πεζικήν.
596 2567 618 2620 Β
645 2601 719 2624 ....
752 2551 1041 2637 Incunctanter
1073 2555 1203 2634 πέμπειν
1231 2558 1368 2632 νοουτικῆν
1403 2557 1451 2623 xci

179 2673 278 2756 πεζήν.
314 2673 431 2741 Utrum
463 2673 597 2741 tollatur
627 2695 670 2740 cn
700 2674 840 2740 addetur
870 2673 959 2759 prius
984 2674 1033 2740 κοὶ
1057 2695 1173 2759 pamm
1195 2675 1331 2743 interest
1353 2675 1450 2743 modo

180 2790 359 2860 scribemus
389 2791 478 2873 πεζοι
510 2813 582 2858 oum
613 2805 635 2858 Β
666 2793 700 2858 in
731 2812 795 2877 quo
825 2793 955 2861 verbum
979 2796 1188 2879 compositum
1211 2797 1452 2879 ἐπεψηφίσαντο,

179 2932 295 2997 parum
324 2909 366 2977 eb
390 2910 531 2995 antiquis
554 2910 763 2997 scriptoribus
787 2912 979 2992 stabilitum,
1012 2919 1099 2982 certo
1122 2916 1239 2983 certius
1265 2915 1449 3001 relinquen·

180 3030 256 3095 dnm
290 3032 338 3095 est
372 3029 544 3096 correctori
560 3029 596 3114 1).
641 3029 751 3098 Velle:
791 3030 908 3112 „elium
939 3052 1066 3117 quoque
1097 3035 1271 3102 exercitum
1295 3056 1450 3104 censuere

180 3147 373 3215 mittendum
395 3147 598 3214 nauticarum
621 3148 881 3233 pedestriumque
904 3150 1099 3236 copiarum''.

225 3264 250 3357 ξ
273 3267 303 3332 2.
327 3264 420 3351 Vulg.
443 3264 493 3331 xci
517 3265 566 3331 σόν
588 3265 642 3344 μὲν
658 3268 860 3348 Εὐρυμέδοντα
878 3317 885 3335 .
901 3320 908 3335 .
923 3317 930 3333 .
946 3319 953 3334 .
970 3270 1194 3349 οὶποπὲμπουσιν
1209 3274 1238 3345 ἐς
1249 3274 1301 3348 πῖον
1313 3277 1455 3342 Σιιιελόοον

179 3387 261 3466 μεπόο
295 3385 365 3451 δέκοι
399 3392 482 3473 νεῶν,
522 3383 637 3464 tynio
676 3383 791 3452 εἴκοσι
828 3386 967 3454 πόλονποι
1005 3389 1150 3472 emptae.
1196 3390 1291 3459 Valle
1324 3398 1453 3462 autem:

184 3505 305 3587 „Quem
327 3505 599 3590 Eurymedontem
623 3504 778 3571 demisere
802 3522 874 3572 oum
897 3506 1031 3573 neribus
1055 3508 1183 3595 decem,
1207 3531 1344 3595 cumque
1368 3533 1454 3581 oen·

180 3628 260 3690 tum
281 3623 427 3708 viginti
449 3622 580 3690 talentis
603 3622 763 3708 urgenti.''
809 3624 999 3714 volgatam,
1024 3628 1076 3694 oui
1100 3629 1238 3696 concinit
1260 3629 1454 3714 Vaticanus,

181 3764 289 3811 rerum
322 3764 491 3811 numerum
521 3740 642 3810 referre
672 3763 737 3810 non
767 3764 863 3829 posse
895 3744 981 3829 apud
1005 3765 1115 3813 omnes
1139 3752 1276 3816 constet
1322 3748 1454 3817 Utcum-

181 3883 243 3948 que
275 3883 328 3930 res
361 3883 396 3930 se
426 3862 543 3950 habet,
579 3861 673 3929 Velle
707 3861 858 3947 proprius
895 3861 1021 3930 veritati
1056 3864 1181 3931 accedit
1216 3871 1248 3932 et
1281 3867 1455 3951 quominus

180 3983 451 4070 Eurymedontem
467 3990 565 4050 -ut
587 3982 818 4050 Herwerdenus
838 3983 911 4069 jure
934 3975 1020 4049 mihi
1036 3983 1161 4050 videtur
1184 3984 1455 4069 opinari-cum

115 4121 117 4125 ’
143 4139 145 4144 ·
181 4108 309 4170 eentum
339 4107 373 4170 ot
394 4102 506 4188 viginti
529 4102 659 4170 talentis
681 4101 715 4168 in
740 4100 881 4168 Siciliam
903 4101 1034 4169 missum
1057 4123 1128 4169 esse
1151 4106 1347 4187 sntuamus,
1370 4107 1454 4174 mhrl

213 4374 227 4427 t
247 4374 316 4428 cont
333 4375 413 4442 praet
429 4389 487 4442 pag.
504 4373 575 4428 vul.
