3000 4920
84 578 92 618 ³
122 638 124 643 ,
159 579 252 669 ‘Caput
272 585 313 652 25
335 584 361 677 ξ
386 587 415 654 1.
451 586 541 671 Vulg.
565 587 745 667 Σκιρωνίδα,
770 593 804 652 ut
827 586 935 654 Valla:
964 586 1182 673 „Scironida''‚
1206 594 1303 654 recte.
1342 587 1369 651 B

101 707 123 768 ἒ
205 703 254 772 tv.

86 827 104 850 ²
175 818 221 912 §3
239 825 326 912 Vulg.
349 824 573 911 ξυμμάχοις,
598 839 620 893 Β
642 835 702 899 τοῖς
726 826 913 910 ξυμμάχοις·
936 833 1109 911 utrumque
1130 827 1297 895 ferendum
1313 833 1372 895 est·

84 978 88 986 ·
172 940 229 1012 llll
261 945 351 1030 Vulg.
387 944 631 1027 προεξαρξαντεο,
666 946 783 1014 vitiosa
817 948 938 1027 forma3
974 969 1079 1033 neque
1113 948 1140 1012 B
1174 954 1262 1015 recte
1290 972 1371 1028 προε-

84 1102 91 1110 -
143 1054 263 1138 ἕν’ξονσες.
306 1063 491 1148 Lugendum
516 1063 740 1149 προεξᾷξαντες.
775 1066 886 1135 Valla:
923 1076 974 1149 „et
1004 1068 1113 1154 Argivi
1136 1071 1234 1137 latius
1257 1090 1372 1155 expor-

84 1168 98 1225 ἶ
141 1187 200 1248 terto
216 1203 269 1249 ruo
293 1181 424 1252 eomu‚’'

86 1293 87 1296 ¹
168 1296 232 1389 §5.
265 1302 358 1388 Vulg.
392 1302 441 1368 καὶ
476 1301 582 1380 ξυνέβη
715 1308 781 1378 ποὺς
811 1304 915 1379 Ἴωνας
945 1308 1157 1391 ἀμφότερον
1179 1313 1237 1375 τῶν
1261 1314 1373 1390 Δωριῶν

140 1428 257 1497 νοσῆσαν.
291 1421 394 1488 Multo
417 1422 648 1508 significantius
672 1431 705 1492 et
728 1427 906 1493 sententiae
930 1427 1095 1513 aptissime
1117 1429 1237 1513 Blegit
1259 1431 1374 1510 αμφο·

141 1537 265 1626 νέρονεν,
307 1539 395 1624 quod
428 1542 524 1607 etiam
560 1540 655 1608 Valla
691 1544 786 1611 vidit:
829 1544 989 1630 „Contigit
1023 1551 1058 1612 ut
1093 1546 1186 1613 Iones
1223 1545 1374 1629 utrinque

142 1652 281 1746 lutumst)
303 1660 439 1727 victores
463 1659 664 1728 existerent.''

169 1896 257 1984 Caput
279 1901 324 1966 26
346 1904 367 1983 ξ
394 1901 422 1964 1.
447 1898 539 1985 Vulg.
562 1900 618 1973 τοὶς
641 1900 713 1966 ἀπὸ
735 1904 1000 1977 Πελοποννήσου
1025 1901 1083 1967 κα)
1108 1904 1281 1975 Σικελίας

139 2017 245 2098 ηὗς,Β
275 2020 399 2086 inverso
428 2019 556 2086 ordine:
589 2001 650 2085 απὸ
682 2021 821 2093 Σικελίας
852 2021 904 2086 καὶ
934 2023 1168 2100 Πελοποννήσου,
1198 2022 1283 2106 quod
1308 2044 1373 2089 cor·

136 2140 233 2202 turtum
254 2136 379 2204 videtur
401 2143 575 2223 propterea
597 2138 685 2223 quod
708 2139 742 2205 in
765 2138 972 2223 sequentibus
996 2140 1085 2224 priua
1107 2139 1147 2206 de
1164 2139 1376 2208 siciliensium

135 2255 238 2323 auxiliis
260 2256 390 2324 disserit
420 2257 567 2342 scriptor.
614 2257 710 2324 Valla
733 2257 882 2342 vulgatae
906 2259 1069 2325 convenit:
1106 2256 1223 2346 „naves
1247 2281 1264 2327 e
1287 2260 1375 2328 Pelo·

132 2395 254 2459 pruneto
277 2383 375 2463 utque
399 2399 416 2444 e
440 2376 575 2445 Sicilia'’.

167 2495 236 2564 lbid.
265 2498 356 2582 Vulg.
391 2498 613 2577 Σελννούνπναν,
648 2499 790 2577 ἑτοῖμαν,
825 2497 1074 2581 ξυμαμφόσεραν.
1106 2498 1205 2566 Bter
1227 2521 1377 2585 perverse

126 2615 212 2683 tradit
230 2617 442 2685 masculinum
464 2639 575 2703 genus.
620 2616 714 2684 Valla
737 2639 808 2684 cum
831 2617 960 2702 vulgata
982 2617 1069 2685 lacit.

86 2820 88 2825 Ι
159 2736 234 2804 Ibid.
258 2737 352 2823 Vulg.
376 2737 584 2803 κατέπλευσαν
606 2738 635 2809 ἐς
655 2736 797 2822 Ἕλεον,
822 2739 894 2825 (aut
910 2739 1037 2823 Ἐλεδν),
1062 2751 1083 2804 Β
1105 2739 1210 2820 Λέρον
1228 2740 1267 2823 ¹),
1291 2739 1376 2824 quod

85 2830 89 2879 t
120 2852 234 2921 ridetur
256 2875 325 2922 esse
341 2877 467 2935 rerum,
492 2855 643 2940 quoniam
666 2854 772 2922 insula
792 2857 952 2940 quaedam
964 2857 1069 2927 Ἔλεος
1085 2857 1163 2923 alibi
1179 2878 1242 2924 nun
1259 2879 1376 2924 memo·

118 2978 209 3038 ratur.
233 2973 285 3041 sic
306 2974 334 3040 B
357 2974 454 3040 etiam
478 2995 504 3040 ο.
522 2975 574 3040 27.
606 2974 806 3059 Quamquam
830 2976 918 3057 Λέρος
935 2975 1001 3042 iere
1016 2975 1223 3060 longinquius
1239 2998 1258 3041 a
1275 2976 1376 3042 Milite

116 3091 203 3160 abeat
235 3115 330 3178 quam
364 3101 401 3160 ut
432 3097 449 3170 ἡ
480 3096 532 3174 πρὸ
565 3096 699 3169 Μίλητον
732 3105 811 3170 νῆσος
844 3095 1032 3181 appelletur.
1080 3095 1187 3162 Valla:
1222 3096 1375 3176 „Eleum”

114 3218 217 3279 nostro
239 3211 325 3292 loco,
352 3214 456 3298 capite
480 3218 588 3280 autem
611 3215 653 3280 27
671 3219 691 3298 ξ
710 3217 725 3280 1
744 3215 843 3281 tradit
861 3212 1027 3295 „Derum''‚
1045 3216 1130 3298 quod
1148 3236 1244 3298 quam
1260 3236 1375 3300 parum

113 3330 238 3398 differat
260 3354 280 3399 a
305 3331 471 3417 „Lerum”,
495 3354 588 3400 nemo
611 3355 677 3399 non
701 3335 795 3401 ridet.

151 3449 230 3542 §2
254 3451 345 3536 vulg.
369 3453 511 3528 Ἰασνκόν,
537 3459 572 3519 ut
597 3452 700 3520 Valla.
737 3453 764 3517 Β
788 3454 871 3520 male
894 3456 1040 3523 Ἀσσακάν.

96 3626 98 3630 ⁴
150 3569 227 3661 §a
254 3570 347 3657 Vulg.
373 3578 459 3638 recte
482 3567 578 3657 οἷπερ,
602 3572 712 3639 Valla:
741 3573 865 3660 „illuc”.
898 3574 925 3638 Β
949 3571 981 3639 οὗ
1004 3573 1083 3654 ὑπέρ.

152 3810 260 3895 Caput
296 3811 349 3878 27.
395 3809 622 3895 Peragraphus
662 3810 764 3877 altera
799 3811 945 3877 miserius
979 3820 1030 3879 est
1067 3816 1239 3897 corrupta,
1280 3832 1377 3895 quam

109 3934 141 3996 ut
171 3949 250 3996 vera
280 3929 440 4013 scriptura
469 3929 669 4000 restituatur.
705 3928 810 3996 Lubet
838 3929 972 3997 laudare
1005 3930 1118 3996 Vallae
1141 3923 1376 4015 interpretatio·

108 4070 195 4114 uem:
237 4045 389 4133 „Quoties
421 4045 532 4113 liceret
554 4053 669 4132 postea
692 4046 820 4132 planius
843 4069 938 4115 nosse
962 4049 1112 4116 adversus
1135 4056 1214 4134 quot
1236 4049 1376 4116 hostium

109 4188 204 4235 naves
237 4171 392 4250 quantum
419 4168 490 4251 ipse
520 4166 647 4233 navium
679 4166 758 4232 satia
789 4167 929 4254 habeas,
958 4173 991 4234 et
1013 4188 1071 4253 per
1094 4169 1194 4234 otium
1218 4170 1376 4235 instruere

109 4333 354 4344 .-,.-..-.-

139 4425 167 4490 l)
186 4423 221 4474 cl.
240 4421 318 4485 praef.
337 4434 394 4486 pag.
414 4419 487 4471 Vlll.

1261 4515 1278 4568 θ
