<?xml version="1.0" encoding="UTF-8"?>
<!DOCTYPE html PUBLIC "-//W3C//DTD XHTML 1.0 Transitional//EN"
    "http://www.w3.org/TR/xhtml1/DTD/xhtml1-transitional.dtd">
<html xmlns="http://www.w3.org/1999/xhtml" xml:lang="en" lang="en">
 <head>
  <title>
</title>
<meta http-equiv="Content-Type" content="text/html;charset=utf-8" />
  <meta name='ocr-system' content='tesseract 3.04.00' />
  <meta name='ocr-capabilities' content='ocr_page ocr_carea ocr_par ocr_line ocrx_word'/>
</head>
<body>
  <div class='ocr_page' id='page_1' title='image "./dethucydidisvat01vallgoog/dethucydidisvat01vallgoog_0093.png"; bbox 0 0 3000 4920; ppageno 0'>
   <div class='ocr_carea' id='block_1_1' title="bbox 184 504 1490 689">
    <p class='ocr_par' dir='ltr' id='par_1_1' title="bbox 184 504 1490 689">
     <span class='ocr_line' id='line_1_1' title="bbox 1483 504 1490 547; baseline 0 0"><span class='ocrx_word' id='word_1_1' title='bbox 1483 504 1490 547; x_wconf 86' lang='grc' dir='ltr'><strong><em>ι</em></strong></span> 
     </span>
     <span class='ocr_line' id='line_1_2' title="bbox 184 558 1490 689; baseline -0.006 -45"><span class='ocrx_word' id='word_1_2' title='bbox 184 579 282 645; x_wconf 84' lang='lat' dir='ltr'>velint</span> <span class='ocrx_word' id='word_1_3' title='bbox 311 578 411 644; x_wconf 85' lang='lat' dir='ltr'>rerba</span> <span class='ocrx_word' id='word_1_4' title='bbox 440 578 481 644; x_wconf 77' lang='grc' dir='ltr'>τιὶ</span> <span class='ocrx_word' id='word_1_5' title='bbox 511 575 600 642; x_wconf 79' lang='grc' dir='ltr'><strong><em>λοιπαὶ</em></strong></span> <span class='ocrx_word' id='word_1_6' title='bbox 631 574 743 658; x_wconf 73' lang='grc' dir='ltr'><strong><em>διῴκουν</em></strong></span> <span class='ocrx_word' id='word_1_7' title='bbox 773 575 826 647; x_wconf 80' lang='grc' dir='ltr'>τήν</span> <span class='ocrx_word' id='word_1_8' title='bbox 856 575 950 650; x_wconf 79' lang='grc' dir='ltr'><strong><em>πόλιν,</em></strong></span> <span class='ocrx_word' id='word_1_9' title='bbox 982 559 1020 639; x_wconf 78' lang='lat' dir='ltr'>in⁴</span> <span class='ocrx_word' id='word_1_10' title='bbox 1044 571 1163 658; x_wconf 84' lang='lat' dir='ltr'>quibus</span> <span class='ocrx_word' id='word_1_11' title='bbox 1187 572 1318 639; x_wconf 92' lang='lat' dir='ltr'>omnino</span> <span class='ocrx_word' id='word_1_12' title='bbox 1345 572 1454 638; x_wconf 88' lang='lat' dir='ltr'>eadem</span> <span class='ocrx_word' id='word_1_13' title='bbox 1482 558 1490 689; x_wconf 43' lang='grc' dir='ltr'><em>ᾗ</em></span> 
     </span>
    </p>
   </div>
   <div class='ocr_carea' id='block_1_2' title="bbox 183 692 1305 782">
    <p class='ocr_par' dir='ltr' id='par_1_2' title="bbox 183 692 1305 782">
     <span class='ocr_line' id='line_1_3' title="bbox 183 692 1305 782; baseline -0.004 -20"><span class='ocrx_word' id='word_1_14' title='bbox 183 699 267 764; x_wconf 89' lang='lat' dir='ltr'>inest</span> <span class='ocrx_word' id='word_1_15' title='bbox 288 697 393 775; x_wconf 86' lang='lat' dir='ltr'>notio,</span> <span class='ocrx_word' id='word_1_16' title='bbox 418 717 502 782; x_wconf 90' lang='lat' dir='ltr'>qnae</span> <span class='ocrx_word' id='word_1_17' title='bbox 525 697 558 762; x_wconf 93' lang='lat' dir='ltr'>in</span> <span class='ocrx_word' id='word_1_18' title='bbox 581 703 730 777; x_wconf 81' lang='grc' dir='ltr'><strong><em>κατεῖχον.</em></strong></span> <span class='ocrx_word' id='word_1_19' title='bbox 767 694 862 762; x_wconf 86' lang='lat' dir='ltr'>Valla</span> <span class='ocrx_word' id='word_1_20' title='bbox 884 692 1073 761; x_wconf 81' lang='lat' dir='ltr'>vocabulum</span> <span class='ocrx_word' id='word_1_21' title='bbox 1096 714 1161 760; x_wconf 91' lang='lat' dir='ltr'>non</span> <span class='ocrx_word' id='word_1_22' title='bbox 1184 692 1305 759; x_wconf 79' lang='lat' dir='ltr'><strong>reddit.</strong></span> 
     </span>
    </p>
   </div>
   <div class='ocr_carea' id='block_1_3' title="bbox 1485 756 1490 851">
    <p class='ocr_par' dir='ltr' id='par_1_3' title="bbox 1485 756 1490 851">
     <span class='ocr_line' id='line_1_4' title="bbox 1485 756 1490 851; baseline 0 0"><span class='ocrx_word' id='word_1_23' title='bbox 1485 756 1490 851; x_wconf 76' lang='grc' dir='ltr'><strong><em>ι</em></strong></span> 
     </span>
    </p>
   </div>
   <div class='ocr_carea' id='block_1_4' title="bbox 180 864 1490 1979">
    <p class='ocr_par' dir='ltr' id='par_1_4' title="bbox 1487 864 1490 901">
     <span class='ocr_line' id='line_1_5' title="bbox 1487 864 1490 901; baseline 0 0"><span class='ocrx_word' id='word_1_24' title='bbox 1487 864 1490 901; x_wconf 95' lang='lat' dir='ltr'>l</span> 
     </span>
    </p>

    <p class='ocr_par' dir='ltr' id='par_1_5' title="bbox 180 924 1490 1979">
     <span class='ocr_line' id='line_1_6' title="bbox 228 931 1490 1021; baseline -0.007 -18"><span class='ocrx_word' id='word_1_25' title='bbox 228 937 335 1021; x_wconf 84' lang='lat' dir='ltr'>Caput</span> <span class='ocrx_word' id='word_1_26' title='bbox 357 937 400 1001; x_wconf 82' lang='grc'>22</span> <span class='ocrx_word' id='word_1_27' title='bbox 424 940 444 1018; x_wconf 63' lang='grc' dir='ltr'><em>ξ</em></span> <span class='ocrx_word' id='word_1_28' title='bbox 468 936 497 1001; x_wconf 81' lang='grc'>2.</span> <span class='ocrx_word' id='word_1_29' title='bbox 520 933 611 1018; x_wconf 85' lang='lat' dir='ltr'>Vulg.</span> <span class='ocrx_word' id='word_1_30' title='bbox 634 935 684 1000; x_wconf 75' lang='grc' dir='ltr'><strong><em>καὶ</em></strong></span> <span class='ocrx_word' id='word_1_31' title='bbox 707 935 740 999; x_wconf 77' lang='grc' dir='ltr'><strong><em>αἱ</em></strong></span> <span class='ocrx_word' id='word_1_32' title='bbox 762 934 817 1011; x_wconf 73' lang='grc' dir='ltr'>μὲν</span> <span class='ocrx_word' id='word_1_33' title='bbox 840 941 903 1008; x_wconf 81' lang='grc' dir='ltr'><strong><em>νήες</em></strong></span> <span class='ocrx_word' id='word_1_34' title='bbox 926 932 1177 998; x_wconf 82' lang='grc' dir='ltr'><strong><em>καταπλεύσασαι</em></strong></span> <span class='ocrx_word' id='word_1_35' title='bbox 1194 931 1363 1008; x_wconf 72' lang='grc' dir='ltr'>Μήθυμναν</span> <span class='ocrx_word' id='word_1_36' title='bbox 1381 936 1454 1011; x_wconf 81' lang='grc' dir='ltr'><strong><em>πρῶ·</em></strong></span> <span class='ocrx_word' id='word_1_37' title='bbox 1487 950 1490 1017; x_wconf 69' lang='lat' dir='ltr'>j</span> 
     </span>
     <span class='ocr_line' id='line_1_7' title="bbox 182 1052 1490 1163; baseline -0.005 -41"><span class='ocrx_word' id='word_1_38' title='bbox 182 1081 230 1122; x_wconf 86' lang='grc' dir='ltr'>τσν</span> <span class='ocrx_word' id='word_1_39' title='bbox 252 1058 418 1138; x_wconf 72' lang='grc' dir='ltr'><strong><em>αφιστᾶσι,</em></strong></span> <span class='ocrx_word' id='word_1_40' title='bbox 443 1054 560 1138; x_wconf 87' lang='lat' dir='ltr'>quibus</span> <span class='ocrx_word' id='word_1_41' title='bbox 583 1054 610 1120; x_wconf 94' lang='lat' dir='ltr'>B</span> <span class='ocrx_word' id='word_1_42' title='bbox 634 1052 726 1120; x_wconf 84' lang='lat' dir='ltr'>addit</span> <span class='ocrx_word' id='word_1_43' title='bbox 748 1055 798 1119; x_wconf 75' lang='lat' dir='ltr'>sai</span> <span class='ocrx_word' id='word_1_44' title='bbox 822 1054 1055 1119; x_wconf 69' lang='grc' dir='ltr'><strong><em>καταλείπονται</em></strong></span> <span class='ocrx_word' id='word_1_45' title='bbox 1074 1052 1212 1132; x_wconf 77' lang='grc' dir='ltr'><strong><em>τέσσαρες</em></strong></span> <span class='ocrx_word' id='word_1_46' title='bbox 1229 1059 1294 1127; x_wconf 82' lang='grc' dir='ltr'><strong><em>νήες</em></strong></span> <span class='ocrx_word' id='word_1_47' title='bbox 1311 1052 1341 1116; x_wconf 87' lang='grc' dir='ltr'>έν</span> <span class='ocrx_word' id='word_1_48' title='bbox 1358 1052 1451 1132; x_wconf 81' lang='grc' dir='ltr'><strong><em>αὐτή·</em></strong></span> <span class='ocrx_word' id='word_1_49' title='bbox 1488 1134 1490 1163; x_wconf 58' lang='grc' dir='ltr'>Ι</span> 
     </span>
     <span class='ocr_line' id='line_1_8' title="bbox 182 1171 1454 1258; baseline -0.005 -18"><span class='ocrx_word' id='word_1_50' title='bbox 182 1173 335 1248; x_wconf 58' lang='lat' dir='ltr'>nal-addo</span> <span class='ocrx_word' id='word_1_51' title='bbox 358 1176 389 1239; x_wconf 78' lang='lat' dir='ltr'>ai</span> <span class='ocrx_word' id='word_1_52' title='bbox 413 1174 513 1240; x_wconf 75' lang='grc' dir='ltr'><strong><em>λοιπαὶ</em></strong></span> <span class='ocrx_word' id='word_1_53' title='bbox 539 1176 708 1249; x_wconf 79' lang='grc' dir='ltr'><strong><em>Μυτιλήνην</em></strong></span> <span class='ocrx_word' id='word_1_54' title='bbox 729 1175 905 1256; x_wconf 67' lang='grc' dir='ltr'><strong><em>ἀφιστᾶσιν,</em></strong></span> <span class='ocrx_word' id='word_1_55' title='bbox 929 1193 1027 1258; x_wconf 80' lang='lat' dir='ltr'>quae,</span> <span class='ocrx_word' id='word_1_56' title='bbox 1050 1176 1088 1239; x_wconf 82' lang='lat' dir='ltr'>ut</span> <span class='ocrx_word' id='word_1_57' title='bbox 1106 1173 1174 1258; x_wconf 84' lang='lat' dir='ltr'>jam</span> <span class='ocrx_word' id='word_1_58' title='bbox 1190 1171 1311 1257; x_wconf 82' lang='lat' dir='ltr'>probat</span> <span class='ocrx_word' id='word_1_59' title='bbox 1327 1176 1454 1252; x_wconf 79' lang='grc' dir='ltr'><strong><em>πρῶτον,</em></strong></span> 
     </span>
     <span class='ocr_line' id='line_1_9' title="bbox 182 1291 1453 1374; baseline -0.006 -11"><span class='ocrx_word' id='word_1_60' title='bbox 182 1296 250 1363; x_wconf 91' lang='lat' dir='ltr'>sine</span> <span class='ocrx_word' id='word_1_61' title='bbox 285 1294 382 1363; x_wconf 91' lang='lat' dir='ltr'>dubio</span> <span class='ocrx_word' id='word_1_62' title='bbox 417 1295 543 1361; x_wconf 83' lang='lat' dir='ltr'>sincera</span> <span class='ocrx_word' id='word_1_63' title='bbox 577 1293 726 1360; x_wconf 89' lang='lat' dir='ltr'>ducenda</span> <span class='ocrx_word' id='word_1_64' title='bbox 757 1299 832 1360; x_wconf 90' lang='lat' dir='ltr'>sunt</span> <span class='ocrx_word' id='word_1_65' title='bbox 861 1293 967 1360; x_wconf 85' lang='lat' dir='ltr'>rerba</span> <span class='ocrx_word' id='word_1_66' title='bbox 1012 1292 1123 1359; x_wconf 83' lang='lat' dir='ltr'>Priore</span> <span class='ocrx_word' id='word_1_67' title='bbox 1145 1312 1222 1359; x_wconf 84' lang='lat' dir='ltr'>voce</span> <span class='ocrx_word' id='word_1_68' title='bbox 1246 1291 1453 1374; x_wconf 77' lang='grc' dir='ltr'><strong><em>α’φιστιῖσιίυ</em></strong></span> 
     </span>
     <span class='ocr_line' id='line_1_10' title="bbox 181 1400 1490 1510; baseline -0.005 -27"><span class='ocrx_word' id='word_1_69' title='bbox 181 1437 322 1483; x_wconf 91' lang='lat' dir='ltr'>errorem</span> <span class='ocrx_word' id='word_1_70' title='bbox 363 1415 469 1482; x_wconf 88' lang='lat' dir='ltr'>scriba</span> <span class='ocrx_word' id='word_1_71' title='bbox 503 1416 650 1501; x_wconf 81' lang='lat' dir='ltr'>inducto,</span> <span class='ocrx_word' id='word_1_72' title='bbox 693 1414 881 1481; x_wconf 84' lang='lat' dir='ltr'>exciderunt</span> <span class='ocrx_word' id='word_1_73' title='bbox 914 1435 970 1492; x_wconf 86' lang='lat' dir='ltr'>ea,</span> <span class='ocrx_word' id='word_1_74' title='bbox 1005 1435 1089 1499; x_wconf 89' lang='lat' dir='ltr'>quae</span> <span class='ocrx_word' id='word_1_75' title='bbox 1124 1413 1152 1479; x_wconf 96' lang='lat' dir='ltr'><strong>B</strong></span> <span class='ocrx_word' id='word_1_76' title='bbox 1185 1412 1281 1479; x_wconf 91' lang='lat' dir='ltr'>nobis</span> <span class='ocrx_word' id='word_1_77' title='bbox 1312 1412 1452 1510; x_wconf 83' lang='lat' dir='ltr'>servavit</span> <span class='ocrx_word' id='word_1_78' title='bbox 1488 1400 1490 1411; x_wconf 75' lang='lat'>&#39;</span> 
     </span>
     <span class='ocr_line' id='line_1_11' title="bbox 182 1531 1451 1621; baseline -0.005 -19"><span class='ocrx_word' id='word_1_79' title='bbox 182 1557 328 1621; x_wconf 90' lang='lat' dir='ltr'>quaeque</span> <span class='ocrx_word' id='word_1_80' title='bbox 363 1534 504 1602; x_wconf 85' lang='lat' dir='ltr'>aValla</span> <span class='ocrx_word' id='word_1_81' title='bbox 537 1555 694 1619; x_wconf 83' lang='lat' dir='ltr'>expressa</span> <span class='ocrx_word' id='word_1_82' title='bbox 728 1541 820 1601; x_wconf 84' lang='lat' dir='ltr'>sunt:</span> <span class='ocrx_word' id='word_1_83' title='bbox 860 1533 1001 1615; x_wconf 80' lang='lat' dir='ltr'>„Quibus</span> <span class='ocrx_word' id='word_1_84' title='bbox 1035 1531 1171 1600; x_wconf 82' lang='lat' dir='ltr'>naribus</span> <span class='ocrx_word' id='word_1_85' title='bbox 1206 1531 1278 1598; x_wconf 84' lang='lat' dir='ltr'>Chii</span> <span class='ocrx_word' id='word_1_86' title='bbox 1313 1531 1451 1616; x_wconf 92' lang='lat' dir='ltr'>primum</span> 
     </span>
     <span class='ocr_line' id='line_1_12' title="bbox 181 1652 1453 1741; baseline -0.003 -21"><span class='ocrx_word' id='word_1_87' title='bbox 181 1654 399 1741; x_wconf 79' lang='lat' dir='ltr'><strong>Methymnam</strong></span> <span class='ocrx_word' id='word_1_88' title='bbox 423 1664 501 1740; x_wconf 84' lang='lat' dir='ltr'>(quo</span> <span class='ocrx_word' id='word_1_89' title='bbox 525 1655 614 1740; x_wconf 88' lang='lat' dir='ltr'>prius</span> <span class='ocrx_word' id='word_1_90' title='bbox 637 1656 823 1740; x_wconf 88' lang='lat' dir='ltr'>pervenere)</span> <span class='ocrx_word' id='word_1_91' title='bbox 846 1654 976 1731; x_wconf 88' lang='lat' dir='ltr'>deinde,</span> <span class='ocrx_word' id='word_1_92' title='bbox 1001 1653 1163 1719; x_wconf 86' lang='lat' dir='ltr'>reliotis</span> <span class='ocrx_word' id='word_1_93' title='bbox 1187 1652 1252 1719; x_wconf 88' lang='lat' dir='ltr'>hio</span> <span class='ocrx_word' id='word_1_94' title='bbox 1275 1656 1453 1736; x_wconf 88' lang='lat' dir='ltr'>quatuor</span> 
     </span>
     <span class='ocr_line' id='line_1_13' title="bbox 180 1771 1453 1860; baseline -0.005 -19"><span class='ocrx_word' id='word_1_95' title='bbox 180 1774 350 1842; x_wconf 87' lang='lat' dir='ltr'>navibus</span> <span class='ocrx_word' id='word_1_96' title='bbox 381 1774 602 1860; x_wconf 84' lang='lat' dir='ltr'>Mytilenen</span> <span class='ocrx_word' id='word_1_97' title='bbox 626 1775 715 1860; x_wconf 90' lang='lat' dir='ltr'>(quo</span> <span class='ocrx_word' id='word_1_98' title='bbox 739 1795 823 1840; x_wconf 90' lang='lat' dir='ltr'>oum</span> <span class='ocrx_word' id='word_1_99' title='bbox 847 1774 1023 1840; x_wconf 87' lang='lat' dir='ltr'>caeteris</span> <span class='ocrx_word' id='word_1_100' title='bbox 1046 1773 1216 1839; x_wconf 81' lang='lat' dir='ltr'>navibus</span> <span class='ocrx_word' id='word_1_101' title='bbox 1239 1771 1453 1855; x_wconf 86' lang='lat' dir='ltr'>venerunt)</span> 
     </span>
     <span class='ocr_line' id='line_1_14' title="bbox 180 1891 775 1979; baseline -0.003 -18"><span class='ocrx_word' id='word_1_102' title='bbox 180 1893 228 1961; x_wconf 89' lang='lat' dir='ltr'>ad</span> <span class='ocrx_word' id='word_1_103' title='bbox 251 1894 524 1961; x_wconf 84' lang='lat' dir='ltr'>deficiendum</span> <span class='ocrx_word' id='word_1_104' title='bbox 548 1891 775 1979; x_wconf 89' lang='lat' dir='ltr'>impulere.&#39;&#39;</span> 
     </span>
    </p>
   </div>
   <div class='ocr_carea' id='block_1_5' title="bbox 168 2130 1490 4484">
    <p class='ocr_par' dir='ltr' id='par_1_6' title="bbox 193 2130 1451 2223">
     <span class='ocr_line' id='line_1_15' title="bbox 193 2130 1451 2223; baseline -0.002 -23"><span class='ocrx_word' id='word_1_105' title='bbox 193 2182 195 2185; x_wconf 90' lang='lat'>-</span> <span class='ocrx_word' id='word_1_106' title='bbox 222 2135 330 2219; x_wconf 79' lang='lat' dir='ltr'>Caput</span> <span class='ocrx_word' id='word_1_107' title='bbox 352 2135 395 2200; x_wconf 80' lang='lat'>23</span> <span class='ocrx_word' id='word_1_108' title='bbox 418 2132 487 2223; x_wconf 74' lang='lat' dir='ltr'>§L</span> <span class='ocrx_word' id='word_1_109' title='bbox 512 2134 604 2219; x_wconf 82' lang='lat' dir='ltr'>Vulg.</span> <span class='ocrx_word' id='word_1_110' title='bbox 627 2139 805 2219; x_wconf 72' lang='grc' dir='ltr'><em>Κεγχρειῶν,</em></span> <span class='ocrx_word' id='word_1_111' title='bbox 824 2146 846 2200; x_wconf 90' lang='grc' dir='ltr'><strong>Β</strong></span> <span class='ocrx_word' id='word_1_112' title='bbox 862 2139 1028 2215; x_wconf 72' lang='grc' dir='ltr'><strong><em>Κεγχρεῶν.</em></strong></span> <span class='ocrx_word' id='word_1_113' title='bbox 1052 2133 1163 2200; x_wconf 85' lang='lat' dir='ltr'>Valla:</span> <span class='ocrx_word' id='word_1_114' title='bbox 1188 2152 1226 2213; x_wconf 90' lang='lat' dir='ltr'>„e</span> <span class='ocrx_word' id='word_1_115' title='bbox 1242 2130 1451 2200; x_wconf 77' lang='lat' dir='ltr'>Cenchreis.”</span> 
     </span>
    </p>

    <p class='ocr_par' dir='ltr' id='par_1_7' title="bbox 173 2250 1490 2936">
     <span class='ocr_line' id='line_1_16' title="bbox 221 2250 1490 2335; baseline 0.001 -19"><span class='ocrx_word' id='word_1_116' title='bbox 221 2258 242 2335; x_wconf 64' lang='grc' dir='ltr'>ξ</span> <span class='ocrx_word' id='word_1_117' title='bbox 266 2254 295 2318; x_wconf 81' lang='grc'>2.</span> <span class='ocrx_word' id='word_1_118' title='bbox 325 2251 473 2335; x_wconf 83' lang='lat' dir='ltr'>Plerique</span> <span class='ocrx_word' id='word_1_119' title='bbox 496 2252 650 2318; x_wconf 92' lang='lat' dir='ltr'>librorum</span> <span class='ocrx_word' id='word_1_120' title='bbox 674 2252 826 2318; x_wconf 84' lang='lat' dir='ltr'>exhibent</span> <span class='ocrx_word' id='word_1_121' title='bbox 848 2251 1070 2318; x_wconf 81' lang='lat' dir='ltr'>soloecismum</span> <span class='ocrx_word' id='word_1_122' title='bbox 1099 2251 1148 2315; x_wconf 79' lang='grc' dir='ltr'><strong><em>καὶ</em></strong></span> <span class='ocrx_word' id='word_1_123' title='bbox 1172 2251 1351 2331; x_wconf 80' lang='grc' dir='ltr'><strong><em>προσλαβὼν</em></strong></span> <span class='ocrx_word' id='word_1_124' title='bbox 1379 2250 1453 2315; x_wconf 74' lang='grc' dir='ltr'><strong><em>Χίαν</em></strong></span> <span class='ocrx_word' id='word_1_125' title='bbox 1488 2274 1490 2317; x_wconf 82' lang='grc' dir='ltr'><em>ῑ</em></span> 
     </span>
     <span class='ocr_line' id='line_1_17' title="bbox 176 2370 1454 2459; baseline -0.001 -22"><span class='ocrx_word' id='word_1_126' title='bbox 176 2375 361 2459; x_wconf 77' lang='grc' dir='ltr'>ναυμαχίαν,</span> <span class='ocrx_word' id='word_1_127' title='bbox 394 2395 467 2440; x_wconf 89' lang='lat' dir='ltr'>oum</span> <span class='ocrx_word' id='word_1_128' title='bbox 496 2395 579 2439; x_wconf 89' lang='lat' dir='ltr'>unus</span> <span class='ocrx_word' id='word_1_129' title='bbox 610 2373 660 2440; x_wconf 83' lang='lat' dir='ltr'>rel</span> <span class='ocrx_word' id='word_1_130' title='bbox 689 2373 827 2440; x_wconf 86' lang='lat' dir='ltr'>fortasse</span> <span class='ocrx_word' id='word_1_131' title='bbox 858 2373 922 2439; x_wconf 93' lang='lat' dir='ltr'>duo</span> <span class='ocrx_word' id='word_1_132' title='bbox 945 2373 1072 2440; x_wconf 86' lang='lat' dir='ltr'>codices</span> <span class='ocrx_word' id='word_1_133' title='bbox 1095 2392 1205 2439; x_wconf 84' lang='lat' dir='ltr'>veram</span> <span class='ocrx_word' id='word_1_134' title='bbox 1228 2372 1365 2438; x_wconf 83' lang='lat' dir='ltr'>tradant</span> <span class='ocrx_word' id='word_1_135' title='bbox 1388 2370 1454 2437; x_wconf 89' lang='lat' dir='ltr'>leo·</span> 
     </span>
     <span class='ocr_line' id='line_1_18' title="bbox 175 2492 1451 2578; baseline -0.002 -20"><span class='ocrx_word' id='word_1_136' title='bbox 175 2494 294 2560; x_wconf 92' lang='lat' dir='ltr'>tionem</span> <span class='ocrx_word' id='word_1_137' title='bbox 321 2494 371 2558; x_wconf 77' lang='lat' dir='ltr'>sul</span> <span class='ocrx_word' id='word_1_138' title='bbox 396 2493 571 2573; x_wconf 80' lang='grc' dir='ltr'><strong><em>προσλαβὼν</em></strong></span> <span class='ocrx_word' id='word_1_139' title='bbox 595 2495 669 2558; x_wconf 75' lang='grc' dir='ltr'><strong><em>Χὶαν</em></strong></span> <span class='ocrx_word' id='word_1_140' title='bbox 692 2499 762 2558; x_wconf 81' lang='grc' dir='ltr'><strong><em>ναῦν</em></strong></span> <span class='ocrx_word' id='word_1_141' title='bbox 784 2492 871 2578; x_wconf 78' lang='grc' dir='ltr'><strong><em>μίαν,</em></strong></span> <span class='ocrx_word' id='word_1_142' title='bbox 903 2492 990 2578; x_wconf 90' lang='lat' dir='ltr'>quod</span> <span class='ocrx_word' id='word_1_143' title='bbox 1018 2497 1151 2578; x_wconf 89' lang='lat' dir='ltr'>propter</span> <span class='ocrx_word' id='word_1_144' title='bbox 1178 2511 1294 2558; x_wconf 89' lang='lat' dir='ltr'>sonum</span> <span class='ocrx_word' id='word_1_145' title='bbox 1322 2495 1451 2575; x_wconf 82' lang='lat' dir='ltr'>gratnm</span> 
     </span>
     <span class='ocr_line' id='line_1_19' title="bbox 176 2591 1452 2698; baseline -0.002 -20"><span class='ocrx_word' id='word_1_146' title='bbox 176 2618 409 2698; x_wconf 88' lang='lat' dir='ltr'>anteponamus</span> <span class='ocrx_word' id='word_1_147' title='bbox 441 2617 570 2698; x_wconf 90' lang='lat' dir='ltr'>oportet</span> <span class='ocrx_word' id='word_1_148' title='bbox 600 2615 674 2679; x_wconf 77' lang='lat' dir='ltr'>xlav</span> <span class='ocrx_word' id='word_1_149' title='bbox 703 2614 776 2691; x_wconf 80' lang='grc' dir='ltr'><strong><em>μίαν</em></strong></span> <span class='ocrx_word' id='word_1_150' title='bbox 807 2619 877 2678; x_wconf 80' lang='grc' dir='ltr'><strong><em>ναῦν</em></strong></span> <span class='ocrx_word' id='word_1_151' title='bbox 908 2633 947 2678; x_wconf 91' lang='lat' dir='ltr'>ex</span> <span class='ocrx_word' id='word_1_152' title='bbox 977 2612 1013 2678; x_wconf 92' lang='lat' dir='ltr'>B.</span> <span class='ocrx_word' id='word_1_153' title='bbox 1059 2613 1107 2678; x_wconf 92' lang='lat' dir='ltr'>De</span> <span class='ocrx_word' id='word_1_154' title='bbox 1138 2591 1308 2678; x_wconf 88' lang='lat' dir='ltr'>verborum</span> <span class='ocrx_word' id='word_1_155' title='bbox 1338 2609 1452 2677; x_wconf 89' lang='lat' dir='ltr'>ordine</span> 
     </span>
     <span class='ocr_line' id='line_1_20' title="bbox 174 2730 1451 2817; baseline 0 -21"><span class='ocrx_word' id='word_1_156' title='bbox 174 2731 254 2797; x_wconf 92' lang='lat' dir='ltr'>nihil</span> <span class='ocrx_word' id='word_1_157' title='bbox 276 2753 336 2817; x_wconf 92' lang='lat' dir='ltr'>pro</span> <span class='ocrx_word' id='word_1_158' title='bbox 361 2738 448 2798; x_wconf 88' lang='lat' dir='ltr'>certo</span> <span class='ocrx_word' id='word_1_159' title='bbox 471 2752 511 2798; x_wconf 86' lang='lat' dir='ltr'>ex</span> <span class='ocrx_word' id='word_1_160' title='bbox 534 2731 629 2798; x_wconf 86' lang='lat' dir='ltr'>Valla</span> <span class='ocrx_word' id='word_1_161' title='bbox 652 2731 768 2798; x_wconf 85' lang='lat' dir='ltr'>deduci</span> <span class='ocrx_word' id='word_1_162' title='bbox 792 2732 913 2817; x_wconf 81' lang='lat' dir='ltr'>possit3</span> <span class='ocrx_word' id='word_1_163' title='bbox 936 2751 1134 2817; x_wconf 83' lang='lat' dir='ltr'>quemqnam</span> <span class='ocrx_word' id='word_1_164' title='bbox 1150 2752 1216 2798; x_wconf 94' lang='lat' dir='ltr'>non</span> <span class='ocrx_word' id='word_1_165' title='bbox 1233 2730 1316 2797; x_wconf 84' lang='lat' dir='ltr'>vidit</span> <span class='ocrx_word' id='word_1_166' title='bbox 1333 2755 1451 2810; x_wconf 82' lang='grc' dir='ltr'><strong><em>ναυμα-</em></strong></span> 
     </span>
     <span class='ocr_line' id='line_1_21' title="bbox 173 2849 739 2936; baseline 0 -19"><span class='ocrx_word' id='word_1_167' title='bbox 173 2851 247 2933; x_wconf 79' lang='grc' dir='ltr'><strong><em>χίαν</em></strong></span> <span class='ocrx_word' id='word_1_168' title='bbox 273 2857 423 2936; x_wconf 83' lang='lat' dir='ltr'>„sumpta</span> <span class='ocrx_word' id='word_1_169' title='bbox 445 2872 510 2917; x_wconf 87' lang='lat' dir='ltr'>una</span> <span class='ocrx_word' id='word_1_170' title='bbox 533 2851 608 2917; x_wconf 86' lang='lat' dir='ltr'>navi</span> <span class='ocrx_word' id='word_1_171' title='bbox 631 2849 739 2917; x_wconf 58' lang='lat' dir='ltr'>chia?</span> 
     </span>
    </p>

    <p class='ocr_par' dir='ltr' id='par_1_8' title="bbox 171 2968 1448 3174">
     <span class='ocr_line' id='line_1_22' title="bbox 218 2968 1448 3056; baseline -0.002 -20"><span class='ocrx_word' id='word_1_172' title='bbox 218 2971 298 3037; x_wconf 85' lang='lat' dir='ltr'>Ibid.</span> <span class='ocrx_word' id='word_1_173' title='bbox 329 2970 420 3056; x_wconf 82' lang='lat' dir='ltr'>Vulg.</span> <span class='ocrx_word' id='word_1_174' title='bbox 452 2969 494 3035; x_wconf 75' lang='grc' dir='ltr'>ὅτι</span> <span class='ocrx_word' id='word_1_175' title='bbox 527 2973 543 3046; x_wconf 86' lang='grc' dir='ltr'><strong><em>ή</em></strong></span> <span class='ocrx_word' id='word_1_176' title='bbox 572 2972 726 3047; x_wconf 81' lang='grc' dir='ltr'><strong><em>Μυτιλήνκ</em></strong></span> <span class='ocrx_word' id='word_1_177' title='bbox 852 2971 992 3038; x_wconf 68' lang='grc' dir='ltr'><strong><em>ἑάλωκε</em></strong></span> <span class='ocrx_word' id='word_1_178' title='bbox 1016 2992 1037 3038; x_wconf 81' lang='lat' dir='ltr'>a</span> <span class='ocrx_word' id='word_1_179' title='bbox 1060 2970 1185 3038; x_wconf 79' lang='lat' dir='ltr'>Stahlio</span> <span class='ocrx_word' id='word_1_180' title='bbox 1210 2974 1385 3036; x_wconf 73' lang='lat' dir='ltr'>servatum.</span> <span class='ocrx_word' id='word_1_181' title='bbox 1421 2968 1448 3034; x_wconf 93' lang='lat' dir='ltr'>B</span> 
     </span>
     <span class='ocr_line' id='line_1_23' title="bbox 171 3086 1191 3174; baseline 0.003 -23"><span class='ocrx_word' id='word_1_182' title='bbox 171 3087 259 3154; x_wconf 72' lang='grc' dir='ltr'><strong><em>ἑάλω.</em></strong></span> <span class='ocrx_word' id='word_1_183' title='bbox 283 3088 392 3155; x_wconf 86' lang='lat' dir='ltr'>Valla:</span> <span class='ocrx_word' id='word_1_184' title='bbox 420 3088 557 3168; x_wconf 86' lang='lat' dir='ltr'>„certior</span> <span class='ocrx_word' id='word_1_185' title='bbox 579 3087 617 3153; x_wconf 89' lang='lat' dir='ltr'>fit</span> <span class='ocrx_word' id='word_1_186' title='bbox 639 3087 814 3174; x_wconf 78' lang='lat' dir='ltr'>Mytilenen</span> <span class='ocrx_word' id='word_1_187' title='bbox 938 3110 1009 3156; x_wconf 93' lang='lat' dir='ltr'>esse</span> <span class='ocrx_word' id='word_1_188' title='bbox 1032 3086 1191 3174; x_wconf 84' lang='lat' dir='ltr'>oaptam.&#39;&#39;</span> 
     </span>
    </p>

    <p class='ocr_par' dir='ltr' id='par_1_9' title="bbox 168 3207 1490 4360">
     <span class='ocr_line' id='line_1_24' title="bbox 217 3207 1490 3297; baseline -0.002 -24"><span class='ocrx_word' id='word_1_189' title='bbox 217 3208 291 3289; x_wconf 61' lang='lat'>§4</span> <span class='ocrx_word' id='word_1_190' title='bbox 321 3207 412 3291; x_wconf 83' lang='lat' dir='ltr'>Vulg.</span> <span class='ocrx_word' id='word_1_191' title='bbox 443 3208 492 3272; x_wconf 72' lang='grc' dir='ltr'><strong><em>καὶ</em></strong></span> <span class='ocrx_word' id='word_1_192' title='bbox 523 3208 589 3279; x_wconf 83' lang='grc' dir='ltr'><strong><em>τσὺς</em></strong></span> <span class='ocrx_word' id='word_1_193' title='bbox 619 3207 680 3272; x_wconf 74' lang='grc' dir='ltr'>ἀπὸ</span> <span class='ocrx_word' id='word_1_194' title='bbox 711 3214 766 3272; x_wconf 79' lang='grc' dir='ltr'>τῶν</span> <span class='ocrx_word' id='word_1_195' title='bbox 793 3210 898 3274; x_wconf 79' lang='grc' dir='ltr'><strong><em>ἑαυτοῦ</em></strong></span> <span class='ocrx_word' id='word_1_196' title='bbox 922 3214 990 3274; x_wconf 76' lang='grc' dir='ltr'><strong><em>νεῶν</em></strong></span> <span class='ocrx_word' id='word_1_197' title='bbox 1012 3209 1139 3281; x_wconf 72' lang='grc' dir='ltr'><strong><em>ὁπλίτας</em></strong></span> <span class='ocrx_word' id='word_1_198' title='bbox 1162 3207 1237 3289; x_wconf 75' lang='grc' dir='ltr'><strong><em>πεζή</em></strong></span> <span class='ocrx_word' id='word_1_199' title='bbox 1262 3207 1449 3288; x_wconf 78' lang='grc' dir='ltr'><strong><em>παρέπλει</em></strong></span> <span class='ocrx_word' id='word_1_200' title='bbox 1478 3226 1490 3297; x_wconf 33' lang='grc' dir='ltr'>Ἰ</span> 
     </span>
     <span class='ocr_line' id='line_1_25' title="bbox 171 3324 1446 3414; baseline 0.005 -27"><span class='ocrx_word' id='word_1_201' title='bbox 171 3324 219 3388; x_wconf 75' lang='grc' dir='ltr'>ε’πὶ</span> <span class='ocrx_word' id='word_1_202' title='bbox 248 3327 300 3398; x_wconf 83' lang='grc' dir='ltr'>τήν</span> <span class='ocrx_word' id='word_1_203' title='bbox 319 3324 482 3390; x_wconf 73' lang='grc' dir='ltr'><strong><em>Ἄντισσαν</em></strong></span> <span class='ocrx_word' id='word_1_204' title='bbox 504 3326 554 3389; x_wconf 75' lang='grc' dir='ltr'><strong><em>καὶ</em></strong></span> <span class='ocrx_word' id='word_1_205' title='bbox 577 3327 741 3403; x_wconf 75' lang='grc' dir='ltr'><strong><em>Μήθυμναν</em></strong></span> <span class='ocrx_word' id='word_1_206' title='bbox 862 3327 988 3393; x_wconf 84' lang='lat' dir='ltr'>Nemini</span> <span class='ocrx_word' id='word_1_207' title='bbox 1012 3328 1143 3395; x_wconf 85' lang='lat' dir='ltr'>dubium</span> <span class='ocrx_word' id='word_1_208' title='bbox 1167 3329 1246 3408; x_wconf 78' lang='lat' dir='ltr'>erit,</span> <span class='ocrx_word' id='word_1_209' title='bbox 1281 3329 1362 3414; x_wconf 89' lang='lat' dir='ltr'>quin</span> <span class='ocrx_word' id='word_1_210' title='bbox 1386 3349 1446 3414; x_wconf 85' lang='lat' dir='ltr'>pro</span> 
     </span>
     <span class='ocr_line' id='line_1_26' title="bbox 169 3441 1445 3534; baseline 0.005 -28"><span class='ocrx_word' id='word_1_211' title='bbox 169 3441 283 3508; x_wconf 80' lang='lat' dir='ltr'>insano</span> <span class='ocrx_word' id='word_1_212' title='bbox 314 3443 457 3523; x_wconf 77' lang='grc' dir='ltr'><strong><em>παρέπλει</em></strong></span> <span class='ocrx_word' id='word_1_213' title='bbox 503 3445 530 3508; x_wconf 93' lang='grc' dir='ltr'>Β</span> <span class='ocrx_word' id='word_1_214' title='bbox 561 3452 648 3512; x_wconf 79' lang='lat' dir='ltr'>recte</span> <span class='ocrx_word' id='word_1_215' title='bbox 679 3445 801 3512; x_wconf 79' lang='lat' dir='ltr'>scribat</span> <span class='ocrx_word' id='word_1_216' title='bbox 824 3447 1037 3534; x_wconf 78' lang='grc' dir='ltr'><strong><em>παραπέμπει,</em></strong></span> <span class='ocrx_word' id='word_1_217' title='bbox 1071 3447 1211 3514; x_wconf 78' lang='lat' dir='ltr'>aValla</span> <span class='ocrx_word' id='word_1_218' title='bbox 1234 3467 1367 3532; x_wconf 83' lang='lat' dir='ltr'>quoque</span> <span class='ocrx_word' id='word_1_219' title='bbox 1389 3468 1445 3514; x_wconf 83' lang='lat' dir='ltr'>ex·</span> 
     </span>
     <span class='ocr_line' id='line_1_27' title="bbox 169 3563 1490 3652; baseline 0.009 -26"><span class='ocrx_word' id='word_1_220' title='bbox 169 3581 316 3646; x_wconf 90' lang='lat' dir='ltr'>pressum</span> <span class='ocrx_word' id='word_1_221' title='bbox 342 3568 504 3643; x_wconf 86' lang='lat' dir='ltr'>„armatos</span> <span class='ocrx_word' id='word_1_222' title='bbox 526 3563 673 3629; x_wconf 83' lang='lat' dir='ltr'>terrestri</span> <span class='ocrx_word' id='word_1_223' title='bbox 694 3564 807 3630; x_wconf 91' lang='lat' dir='ltr'>itinere</span> <span class='ocrx_word' id='word_1_224' title='bbox 831 3563 1039 3631; x_wconf 89' lang='lat' dir='ltr'>transmisit&#39;&#39;.</span> <span class='ocrx_word' id='word_1_225' title='bbox 1066 3565 1220 3632; x_wconf 85' lang='lat' dir='ltr'>Nonnulli</span> <span class='ocrx_word' id='word_1_226' title='bbox 1241 3565 1319 3632; x_wconf 90' lang='lat' dir='ltr'>libri</span> <span class='ocrx_word' id='word_1_227' title='bbox 1342 3567 1442 3652; x_wconf 89' lang='lat' dir='ltr'>paulo</span> <span class='ocrx_word' id='word_1_228' title='bbox 1488 3624 1490 3639; x_wconf 47' lang='grc' dir='ltr'><strong><em>ι</em></strong></span> 
     </span>
     <span class='ocr_line' id='line_1_28' title="bbox 169 3678 1444 3771; baseline 0.008 -28"><span class='ocrx_word' id='word_1_229' title='bbox 169 3678 255 3745; x_wconf 85' lang='lat' dir='ltr'>infra</span> <span class='ocrx_word' id='word_1_230' title='bbox 284 3686 360 3764; x_wconf 87' lang='lat' dir='ltr'>post</span> <span class='ocrx_word' id='word_1_231' title='bbox 389 3680 533 3759; x_wconf 88' lang='grc' dir='ltr'><strong><em>παρέπλει</em></strong></span> <span class='ocrx_word' id='word_1_232' title='bbox 563 3687 714 3767; x_wconf 82' lang='lat' dir='ltr'>repetunt</span> <span class='ocrx_word' id='word_1_233' title='bbox 744 3684 791 3748; x_wconf 76' lang='grc' dir='ltr'>ἐπὶ</span> <span class='ocrx_word' id='word_1_234' title='bbox 814 3685 866 3758; x_wconf 86' lang='grc' dir='ltr'>τήν</span> <span class='ocrx_word' id='word_1_235' title='bbox 884 3685 1049 3750; x_wconf 75' lang='grc' dir='ltr'><strong><em>Ἄντισσαν</em></strong></span> <span class='ocrx_word' id='word_1_236' title='bbox 1076 3685 1125 3751; x_wconf 76' lang='grc' dir='ltr'><strong><em>καὶ</em></strong></span> <span class='ocrx_word' id='word_1_237' title='bbox 1149 3685 1333 3765; x_wconf 70' lang='grc' dir='ltr'><strong><em>Μήθυμναν,</em></strong></span> <span class='ocrx_word' id='word_1_238' title='bbox 1359 3706 1444 3771; x_wconf 81' lang='lat' dir='ltr'>quae</span> 
     </span>
     <span class='ocr_line' id='line_1_29' title="bbox 168 3784 1490 3890; baseline 0.008 -27"><span class='ocrx_word' id='word_1_239' title='bbox 168 3798 287 3865; x_wconf 86' lang='lat' dir='ltr'>iterata</span> <span class='ocrx_word' id='word_1_240' title='bbox 309 3798 408 3864; x_wconf 83' lang='lat' dir='ltr'>verba</span> <span class='ocrx_word' id='word_1_241' title='bbox 431 3799 601 3883; x_wconf 84' lang='lat' dir='ltr'>languent,</span> <span class='ocrx_word' id='word_1_242' title='bbox 628 3821 733 3886; x_wconf 89' lang='lat' dir='ltr'>neque</span> <span class='ocrx_word' id='word_1_243' title='bbox 755 3802 789 3868; x_wconf 93' lang='lat' dir='ltr'>in</span> <span class='ocrx_word' id='word_1_244' title='bbox 811 3803 838 3867; x_wconf 94' lang='lat' dir='ltr'><strong>B</strong></span> <span class='ocrx_word' id='word_1_245' title='bbox 862 3808 999 3868; x_wconf 87' lang='lat' dir='ltr'>exstant.</span> <span class='ocrx_word' id='word_1_246' title='bbox 1046 3803 1182 3889; x_wconf 77' lang='lat' dir='ltr'>Opinati</span> <span class='ocrx_word' id='word_1_247' title='bbox 1206 3805 1347 3871; x_wconf 86' lang='lat' dir='ltr'>fortasse</span> <span class='ocrx_word' id='word_1_248' title='bbox 1371 3806 1446 3890; x_wconf 92' lang='lat' dir='ltr'>quis</span> <span class='ocrx_word' id='word_1_249' title='bbox 1487 3784 1490 3873; x_wconf 47' lang='grc' dir='ltr'>ἶ</span> 
     </span>
     <span class='ocr_line' id='line_1_30' title="bbox 168 3898 1490 4010; baseline 0.009 -29"><span class='ocrx_word' id='word_1_250' title='bbox 168 3918 273 4000; x_wconf 89' lang='lat' dir='ltr'>possit</span> <span class='ocrx_word' id='word_1_251' title='bbox 295 3918 421 3984; x_wconf 81' lang='lat' dir='ltr'>Vallem</span> <span class='ocrx_word' id='word_1_252' title='bbox 446 3918 558 3985; x_wconf 88' lang='lat' dir='ltr'>addita</span> <span class='ocrx_word' id='word_1_253' title='bbox 581 3920 648 3985; x_wconf 88' lang='lat' dir='ltr'>sine</span> <span class='ocrx_word' id='word_1_254' title='bbox 672 3942 770 3987; x_wconf 86' lang='lat' dir='ltr'>eausa</span> <span class='ocrx_word' id='word_1_255' title='bbox 791 3922 890 3987; x_wconf 83' lang='lat' dir='ltr'>verba</span> <span class='ocrx_word' id='word_1_256' title='bbox 907 3921 1053 3990; x_wconf 84' lang='lat' dir='ltr'>indicere</span> <span class='ocrx_word' id='word_1_257' title='bbox 1069 3944 1147 3990; x_wconf 84' lang='lat' dir='ltr'>vooe</span> <span class='ocrx_word' id='word_1_258' title='bbox 1166 3923 1341 4004; x_wconf 85' lang='lat' dir='ltr'>„eodem‚&#39;&#39;</span> <span class='ocrx_word' id='word_1_259' title='bbox 1357 3927 1446 4010; x_wconf 89' lang='lat' dir='ltr'>qnod</span> <span class='ocrx_word' id='word_1_260' title='bbox 1487 3898 1490 3975; x_wconf 62' lang='lat' dir='ltr'>f</span> 
     </span>
     <span class='ocr_line' id='line_1_31' title="bbox 168 4034 1443 4133; baseline 0.008 -32"><span class='ocrx_word' id='word_1_261' title='bbox 168 4039 275 4101; x_wconf 87' lang='lat' dir='ltr'>tamen</span> <span class='ocrx_word' id='word_1_262' title='bbox 299 4034 485 4103; x_wconf 84' lang='lat' dir='ltr'>adverbium</span> <span class='ocrx_word' id='word_1_263' title='bbox 509 4057 559 4103; x_wconf 94' lang='lat' dir='ltr'>me</span> <span class='ocrx_word' id='word_1_264' title='bbox 578 4038 686 4122; x_wconf 87' lang='lat' dir='ltr'>judice</span> <span class='ocrx_word' id='word_1_265' title='bbox 709 4040 877 4125; x_wconf 90' lang='lat' dir='ltr'>interpreti</span> <span class='ocrx_word' id='word_1_266' title='bbox 900 4043 1084 4108; x_wconf 83' lang='lat' dir='ltr'>necessario</span> <span class='ocrx_word' id='word_1_267' title='bbox 1111 4043 1337 4128; x_wconf 87' lang='lat' dir='ltr'>usurpandum</span> <span class='ocrx_word' id='word_1_268' title='bbox 1361 4045 1443 4133; x_wconf 81' lang='lat' dir='ltr'>fuit,</span> 
     </span>
     <span class='ocr_line' id='line_1_32' title="bbox 168 4154 1447 4250; baseline 0.011 -32"><span class='ocrx_word' id='word_1_269' title='bbox 168 4173 240 4218; x_wconf 89' lang='lat' dir='ltr'>oum</span> <span class='ocrx_word' id='word_1_270' title='bbox 274 4154 308 4220; x_wconf 96' lang='lat' dir='ltr'>in</span> <span class='ocrx_word' id='word_1_271' title='bbox 345 4154 455 4220; x_wconf 85' lang='lat' dir='ltr'>latinis</span> <span class='ocrx_word' id='word_1_272' title='bbox 490 4154 619 4239; x_wconf 89' lang='lat' dir='ltr'>quidem</span> <span class='ocrx_word' id='word_1_273' title='bbox 654 4163 795 4240; x_wconf 88' lang='lat' dir='ltr'>nequeat</span> <span class='ocrx_word' id='word_1_274' title='bbox 829 4158 943 4224; x_wconf 87' lang='lat' dir='ltr'>abesse</span> <span class='ocrx_word' id='word_1_275' title='bbox 980 4159 1149 4238; x_wconf 87' lang='lat' dir='ltr'>„eodem’&#39;:</span> <span class='ocrx_word' id='word_1_276' title='bbox 1187 4162 1280 4247; x_wconf 87' lang='lat' dir='ltr'>„ipse</span> <span class='ocrx_word' id='word_1_277' title='bbox 1310 4184 1447 4250; x_wconf 89' lang='lat' dir='ltr'>quoqne</span> 
     </span>
     <span class='ocr_line' id='line_1_33' title="bbox 170 4270 1147 4360; baseline 0.007 -22"><span class='ocrx_word' id='word_1_278' title='bbox 170 4270 283 4338; x_wconf 90' lang='lat' dir='ltr'>eodem</span> <span class='ocrx_word' id='word_1_279' title='bbox 306 4293 379 4338; x_wconf 86' lang='lat' dir='ltr'>oum</span> <span class='ocrx_word' id='word_1_280' title='bbox 401 4272 537 4338; x_wconf 83' lang='lat' dir='ltr'>navibus</span> <span class='ocrx_word' id='word_1_281' title='bbox 560 4273 626 4339; x_wconf 92' lang='lat' dir='ltr'>suis</span> <span class='ocrx_word' id='word_1_282' title='bbox 649 4294 687 4339; x_wconf 87' lang='lat' dir='ltr'>ao</span> <span class='ocrx_word' id='word_1_283' title='bbox 710 4275 814 4340; x_wconf 88' lang='lat' dir='ltr'>tribus</span> <span class='ocrx_word' id='word_1_284' title='bbox 838 4273 925 4342; x_wconf 82' lang='lat' dir='ltr'>Chiis</span> <span class='ocrx_word' id='word_1_285' title='bbox 948 4277 1019 4343; x_wconf 84' lang='lat' dir='ltr'>vela</span> <span class='ocrx_word' id='word_1_286' title='bbox 1040 4277 1147 4360; x_wconf 85' lang='lat' dir='ltr'>feeit,’&#39;</span> 
     </span>
    </p>

    <p class='ocr_par' dir='ltr' id='par_1_10' title="bbox 210 4385 1447 4484">
     <span class='ocr_line' id='line_1_34' title="bbox 210 4385 1447 4484; baseline 0.016 -31"><span class='ocrx_word' id='word_1_287' title='bbox 210 4385 235 4478; x_wconf 65' lang='grc' dir='ltr'>ξ</span> <span class='ocrx_word' id='word_1_288' title='bbox 258 4387 288 4454; x_wconf 82' lang='grc'>5.</span> <span class='ocrx_word' id='word_1_289' title='bbox 313 4389 405 4474; x_wconf 86' lang='lat' dir='ltr'>Vulg.</span> <span class='ocrx_word' id='word_1_290' title='bbox 429 4392 601 4456; x_wconf 70' lang='grc' dir='ltr'><strong><em>ἀπέπλευσε</em></strong></span> <span class='ocrx_word' id='word_1_291' title='bbox 624 4391 673 4456; x_wconf 80' lang='grc' dir='ltr'>τὸν</span> <span class='ocrx_word' id='word_1_292' title='bbox 694 4392 798 4457; x_wconf 78' lang='grc' dir='ltr'><strong><em>ἑαυτοῦ</em></strong></span> <span class='ocrx_word' id='word_1_293' title='bbox 814 4394 1127 4477; x_wconf 59' lang='lat' dir='ltr'>reportabuntur,</span> <span class='ocrx_word' id='word_1_294' title='bbox 1144 4410 1167 4464; x_wconf 90' lang='grc' dir='ltr'>Β</span> <span class='ocrx_word' id='word_1_295' title='bbox 1183 4404 1261 4467; x_wconf 78' lang='lat' dir='ltr'>ante</span> <span class='ocrx_word' id='word_1_296' title='bbox 1276 4403 1447 4484; x_wconf 68' lang='grc' dir='ltr'><strong><em>ἀναλαβών</em></strong></span> 
     </span>
    </p>
   </div>
   <div class='ocr_carea' id='block_1_6' title="bbox 0 0 1504 4920">
    <p class='ocr_par' dir='ltr' id='par_1_11' title="bbox 0 0 1504 4920">
     <span class='ocr_line' id='line_1_35' title="bbox 0 0 1504 4920; baseline 0 4"><span class='ocrx_word' id='word_1_297' title='bbox 0 0 1504 4920; x_wconf 95' lang='lat' dir='ltr'> </span> 
     </span>
    </p>
   </div>
  </div>
 </body>
</html>
