3000 4920
795 326 841 394 26

180 559 278 648 igitur
301 565 411 641 oritur,
425 555 514 633 ¹num
539 566 748 654 Syracusani,
773 569 889 654 pugnis
913 567 1082 634 navalibus
1105 587 1217 634 recens
1240 566 1334 634 iactis
1358 564 1453 650 freti,

180 703 216 748 re
246 704 321 750 vera
352 686 478 768 opinari
505 687 669 772 potuerint
697 708 732 753 se
754 685 805 755 vel
826 685 930 754 ινιιιίίυ
953 692 1120 771 praestare
1143 683 1394 751 Atheniensibus
1418 705 1454 762 re

180 801 320 868 nautica.
368 801 458 881 Quod
489 804 540 870 vix
564 804 776 893 crediderim3
806 827 935 873 causam
960 806 1061 886 enim,
1085 827 1141 872 cnr
1165 804 1361 892 Syracusani
1385 812 1454 871 tam

179 921 291 1005 pulore
325 921 365 988 de
400 943 477 989 snae
508 923 621 990 elassis
651 924 771 992 viribus
803 926 993 1011 cogitarim,
1024 925 1146 991 nnllam
1176 923 1338 1001 invenias;
1371 923 1456 1007 'quin
1492 912 1495 917 ’

178 1039 243 1107 imo
267 1060 367 1124 supra
390 1042 430 1126 (u.
455 1043 509 1107 23.
534 1063 562 1108 o.
586 1041 640 1128 25)
657 1043 698 1109 ab
716 1043 964 1111 Atheniensibus
982 1043 1126 1110 videmus
1141 1064 1196 1110 eos
1212 1063 1284 1110 esse
1297 1042 1401 1108 vietus
1414 1043 1454 1128 1).
1469 1070 1472 1075 ·

179 1159 226 1225 Eo
258 1160 362 1226 minus
393 1160 602 1247 Syracusanis
632 1162 729 1228 talem
761 1160 860 1229 fuisse
888 1161 1069 1247 opinionem
1093 1162 1207 1240 oredo,
1231 1162 1309 1246 quia·
1331 1161 1373 1226 de
1395 1158 1468 1245 pe?

179 1277 338 1345 destribus
374 1281 491 1365 copiis,
526 1281 643 1366 quihus
678 1281 888 1348 Athenienses
925 1285 1012 1347 certo
1048 1281 1165 1347 sertim
1198 1277 1469 1366 superabantur‚.

178 1395 293 1480 legitur
310 1398 510 1483 simpliciter:
530 1400 640 1465 ἔδίκουν
655 1399 685 1466 δὲ
701 1399 750 1465 καὶ
763 1400 811 1466 σίν
824 1397 909 1480 πεζὸν
920 1399 1119 1480 χειρώσεσθαι.
1144 1381 1297 1467 Fortasse
1317 1403 1455 1483 propter

179 1539 316 1602 sequens
350 1520 403 1584 καί
432 1519 548 1604 copula
578 1525 691 1586 nostra
722 1523 771 1586 est
798 1518 931 1597 addita,
961 1522 998 1583 ut
1029 1517 1142 1594 etiam,
1173 1516 1365 1584 sententiam
1388 1537 1456 1583 non

178 1637 383 1725 intellegens,
424 1640 510 1725 quis*
531 1640 697 1724 scriptoris
733 1660 860 1706 manum
896 1637 1030 1705 mutavit
1064 1656 1124 1721 pro
1156 1637 1268 1703 ἕδίκιυν
1300 1637 1458 1704 mendose

179 1756 323 1824 scribens
346 1757 445 1846 δοκεῖν,
471 1759 557 1843 quod
580 1758 789 1844 responderet
811 1739 965 1823 infinitivo
989 1755 1133 1837 κρείσσους
1157 1752 1238 1821 εἶναι.

227 1993 334 2078 Caput
356 1994 400 2060 42
423 1992 447 2084 ἓ
472 1995 500 2060 1.
524 1993 619 2078 Vulg.
642 1993 695 2061 Ἐν
718 1993 810 2075 τούτῳ
833 1992 863 2057 δὲ
881 1993 1064 2090 Δημοσθένης
1080 1992 1130 2058 καί
1146 1991 1317 2074 Εὐρυμέδων
1332 1994 1456 2073 ἔχοντες

179 2113 233 2190 σὴν
256 2113 317 2177 rint
340 2119 396 2177 τῶν
420 2110 545 2190 Ἀθηνῶν
568 2114 702 2191 βοήθειαν
725 2113 976 2194 παραγίγνονται,
1000 2119 1070 2186 ναῦς
1093 2139 1127 2178 σε
1151 2121 1226 2195 τρεῖς
1250 2112 1301 2197 καί
1323 2112 1465 2191 ἑβδσμιὶὲ,

180 2254 269 2296 κοντα
293 2233 460 2310 μάλιστα
483 2234 546 2300 κσὲ.
569 2232 597 2297 Β
621 2232 727 2299 omisit
749 2232 896 2309 μαλιστα.
929 2231 1040 2298 Vella:
1068 2230 1324 2312 „Demosthenes
1343 2235 1455 2297 autem

178 2351 302 2417 interea
335 2356 433 2436 atque
463 2353 667 2437 Eurymedon
697 2373 768 2418 eum
792 2350 936 2431 auxiliis,
960 2371 1044 2435 quae
1068 2355 1261 2436 acceperant
1285 2349 1326 2415 ab
1351 2349 1455 2418 Athe·

41 2528 43 2532 .
178 2470 342 2537 niensibus
378 2470 591 2555 advenerunt,
625 2470 759 2537 navibus
791 2469 894 2536 tribus
925 2467 1090 2535 fermeet
1119 2468 1325 2553 septuaginta
1360 2467 1454 2554 sqq’'.

178 2589 206 2654 B
230 2591 330 2656 seeuti
362 2596 438 2658 sunt
469 2588 640 2656 Classenus
671 2593 704 2655 et
729 2586 962 2654 Herwerdenus
985 2585 1130 2652 Arnoldo
1153 2586 1288 2654 docente
1309 2587 1454 2664 μάλιστα

175 2709 248 2794 jure
282 2708 474 2794 desiderari,
510 2730 581 2775 uum
615 2729 655 2774 ex
687 2706 891 2792 septuaginta
925 2703 1028 2772 tribus
1062 2704 1196 2771 navibus
1227 2705 1307 2790 ipsis
1338 2706 1454 2774 elassis

179 2832 352 2895 constaret.
402 2825 686 2908 ‚‚Demosthenes'',
719 2825 765 2892 ait
797 2823 976 2911 Arnoldns‚
1012 2823 1166 2904 „Athenis
1197 2821 1285 2889 LXV
1316 2825 1454 2894 navibus
1495 2882 1498 2893 .

179 2944 342 3030 profectus
374 2953 444 3011 erat
475 2945 518 3029 (o.
542 2944 618 3030 20),
651 2965 690 3010 ex
721 2944 839 3028 quibus
866 2943 975 3010 decem
1000 2942 1043 3008 ad
1066 2941 1229 3009 Cononem
1253 2943 1341 3028 apud
1364 2944 1454 3012 Nan·
1494 2936 1498 3039 ξ

178 3068 309 3150 pactum
332 3061 421 3129 novis
445 3060 546 3146 copiis
567 3060 760 3128 firmandum
782 3060 916 3128 miserat
938 3061 978 3145 (o.
1001 3059 1076 3144 31);
1099 3060 1170 3144 ipse
1194 3066 1302 3128 autem
1325 3062 1453 3131 interea

74 3152 83 3163 ⁸
178 3204 244 3251 una
278 3178 523 3266 Eurymedontis
557 3200 638 3246 nave
673 3178 796 3266 (ibid),
832 3177 1013 3262 quindecim
1045 3176 1296 3264 Corcyraeorum
1329 3182 1454 3270 (ibid),

180 3299 306 3370 duabus
337 3298 631 3383 Metapontinorum
662 3299 702 3384 (e.
730 3298 788 3383 33)
812 3302 925 3363 auctus
949 3303 1028 3364 erat.
1075 3297 1161 3383 Ergo
1184 3297 1346 3366 LXv—X
1371 3303 1413 3386 -Ι-
1438 3302 1455 3367 Ι

182 3422 228 3506 τί,
247 3418 306 3487 XV
331 3421 371 3503 -Ι-
401 3417 433 3484 Π
460 3449 504 3480 =
530 3416 694 3485 nxxnl’&
740 3417 836 3485 Ratio
871 3417 914 3483 ad
947 3437 1114 3485 nnmerum
1130 3457 1132 3462 ·
1148 3419 1315 3507 convenit,
1356 3422 1454 3490 modo

129 3516 132 3523 ¹
180 3538 321 3624 excipias
344 3537 430 3623 quod
454 3537 548 3604 docet
570 3536 730 3604 Arnoldns
753 3535 889 3603 classem
912 3554 983 3604 ιιιιυ
1006 3535 1255 3621 Eurymedontis
1276 3559 1358 3606 nave
1381 3560 1454 3607 esse

180 3659 319 3727 ductam.
354 3654 541 3725 Videamus.
576 3655 655 3743 Cap.
682 3657 724 3724 16
746 3654 771 3748 5
793 3657 817 3722 ⁷2
840 3663 954 3724 narrat
977 3650 1115 3742 scriptor
1134 3658 1187 3724 καί
1210 3656 1259 3724 σίν
1281 3657 1337 3735 μὲν
1358 3661 1454 3742 Εὐρυ-

179 3776 306 3856 aedom
428 3775 652 3851 ἀποπέμπουσιν
681 3777 711 3852 a
741 3776 793 3851 σὺν
816 3776 955 3843 Σικελίαν
978 3777 1060 3854 μετὰ
1084 3776 1155 3843 δέκα
1179 3783 1264 3862 νεῶν,
1288 3775 1376 3844 είκοσι
1400 3779 1457 3846 σοί·

180 3910 278 3961 Asara
301 3895 436 3978 ἀργυρίου
458 3895 509 3962 καί
531 3895 602 3976 ἅμα
616 3897 810 3974 ἑγγελοῦνπα
826 3901 885 3968 τοῖς
901 3896 965 3961 ἐκεῖ
976 3892 1019 3962 ὅτι
1032 3894 1092 3974 ἥξει
1103 3896 1222 3976 βοήθεια
1233 3897 1283 3963 καί
1296 3897 1456 3976 ἐπιμέλεια

180 4017 276 4080 αὐτῶν
298 4015 392 4081 ἕσσαι.
440 4013 474 4082 Si
497 4015 569 4100 quis
591 4015 689 4085 etiam
713 4016 753 4082 de
775 4014 949 4097 mandato,
971 4015 1060 4100 quod
1083 4014 1287 4102 Eurymedon
1307 4018 1456 4106 aooepit,

180 4134 284 4219 possit
315 4133 481 4222 dubitare,
510 4134 609 4203 laudo
639 4155 709 4222 oep.
741 4135 781 4202 31
809 4132 841 4226 ,ξ
861 4134 884 4201 3
906 4128 971 4201 ’ίντι
999 4135 1025 4200 δ’
1047 4137 1128 4212 αὑτῶ
1155 4135 1189 4222 (A
1213 4156 1240 4203 e.
1263 4137 1457 4226 Δημοσθένει)

212 4386 240 4454 ί)
258 4387 290 4439 ei.
307 4387 387 4438 etiam
406 4400 428 4440 u.
445 4384 478 4436 47
495 4385 509 4452 5
526 4384 550 4437 3,
