3000 4920
724 330 765 395 19

151 570 260 657 Caput
291 569 383 661 325
414 571 443 636 1.
473 568 562 655 Vulg.
586 567 812 649 προπυθόμενος,
837 566 943 632 miuus
966 567 1062 629 recte.
1098 557 1209 626 Valla:
1237 556 1296 638 „de
1318 554 1382 620 hac

108 709 145 755 re
168 689 288 756 certior
310 687 445 757 iactus.''

152 805 237 874 Ibid.
269 810 282 873 d
311 809 418 882 Νικίας
557 807 801 884 uiuacitatis
826 810 954 873 Σικελῶν
977 802 1043 876 τοὺς
1066 804 1119 879 riso
1144 799 1230 866 δίοδον
1252 797 1381 877 ἔχοντας

111 928 171 991 καὶ
204 925 446 1009 ξυμμάχους,
479 940 501 993 Β
533 930 593 994 καὶ
624 929 731 1010 stolus
764 926 999 1007 ξυμμάχους.
1037 923 1152 992 Valla:
1195 918 1252 1004 „ld
1285 915 1384 985 mittit

111 1044 158 1113 ad
186 1065 243 1114 eos
274 1044 398 1115 Siculos
428 1069 494 1133 qua
516 1049 712 1116 transiturus
735 1051 807 1116 erat
828 1047 930 1114 bostis
953 1050 985 1112 et
1008 1045 1050 1111 ad
1076 1038 1210 1111 socios'’.
1256 1037 1384 1105 Prono·

113 1163 208 1232 minis
234 1164 334 1252 igitur
364 1168 530 1254 vestigium
561 1169 684 1235 nullum
715 1173 781 1248 est,
813 1187 917 1252 neque
940 1164 1005 1233 scio
1029 1185 1106 1229 num
1128 1165 1216 1226 recte
1241 1157 1381 1224 addetur

114 1283 222 1366 solco·
246 1286 437 1370 praesertim
467 1292 601 1373 propter
627 1286 785 1372 pluralem
808 1304 994 1368 numerum,
1018 1301 1090 1349 cum
1114 1280 1153 1347 ds
1177 1277 1270 1343 Nicia
1294 1274 1382 1355 solo,

117 1404 243 1473 minime
263 1407 303 1474 de
326 1407 593 1488 Atheniensibus,
617 1428 682 1494 quo
705 1408 791 1489 σφίσι
814 1411 962 1492 spectare
985 1400 1134 1477 deberet,
1158 1396 1255 1464 rerba
1270 1394 1383 1462 lecerit

119 1524 261 1610 scriptor.
304 1525 409 1593 Locus
431 1532 541 1595 noster
564 1527 642 1595 mihi
659 1525 784 1595 videtur
800 1521 1059 1593 adnumerandus
1076 1540 1146 1588 esse
1162 1517 1382 1604 compluribus

120 1643 189 1713 niis
217 1644 289 1712 libri
319 1659 358 1725 Β,
390 1667 473 1732 quos
500 1644 612 1734 Poppo
643 1643 962 1731 interpretationibus
994 1647 1092 1726 atque
1114 1637 1383 1725 explicationibus

123 1783 145 1830 a
163 1769 341 1831 correctore
363 1764 454 1833 ducit
476 1764 642 1850 suppletor
667 1784 737 1832 esse
756 1764 791 1849 ¹).

164 1878 189 1970 ξ
217 1883 246 1947 2.
277 1880 370 1966 Vulg.
401 1882 425 1948 ol
450 1884 565 1949 Σικελοί
690 1883 836 1965 ἐνέδραν
860 1907 942 1948 τινα
966 1880 1171 1961 ποονσοὶμενοο,
1194 1892 1217 1945 Β
1241 1879 1388 1957 ἐνέδραν

126 2011 229 2083 τριχῇ
258 2025 291 2067 τ.
322 1998 430 2070 Valla:
465 2001 582 2083 „Siculi
612 2002 746 2070 iusidias
777 2004 915 2069 tendunt
945 2002 1048 2068 tribus
1079 2003 1113 2067 in
1135 1999 1247 2068 locis''.
1294 1997 1387 2064 Sitne

129 2132 209 2202 τριχῇ
235 2121 382 2207 scriptori
404 2121 612 2191 tribuendum
634 2144 735 2191 nocue
758 2124 839 2191 satis
861 2123 1014 2190 intricata
1036 2122 1183 2208 quaestio
1206 2126 1267 2188 est.
1313 2117 1388 2184 Non

133 2245 230 2307 autem
259 2240 350 2309 video
381 2242 466 2309 uude
497 2253 585 2327 τριχῇ
616 2247 722 2310 ortum
753 2243 811 2325 sit,
843 2261 947 2326 usquo
970 2264 1028 2309 cur
1051 2242 1211 2309 assentiar
1233 2239 1387 2306 Classeuo

136 2355 265 2426 docenti:
300 2361 385 2441 ,μονα
414 2370 503 2443 τριχῇ
534 2361 627 2428 bcide
655 2360 784 2428 Wdrtcr
806 2361 877 2428 siud
900 2361 945 2427 im
968 2357 1246 2444 Zusammeuhaug
1268 2374 1390 2441 unpas·

139 2476 233 2544 send’'.
276 2480 393 2558 Quidni
426 2478 531 2546 tribus
565 2480 599 2545 iu
632 2479 712 2547 locis
749 2479 847 2547 Siculi
880 2481 1044 2567 potuerint
1078 2479 1231 2547 struxisse
1254 2473 1389 2543 iusidias

141 2593 357 2678 siciliensibus,
392 2597 479 2684 quod
513 2598 745 2667 Herwerdsnus
780 2619 907 2684 quoque
942 2598 1112 2666 concedit?
1148 2597 1260 2682 Neque
1291 2594 1390 2680 igitur

142 2734 201 2780 eum
231 2718 294 2786 viro
330 2718 424 2786 docto
459 2719 559 2797 facio,
589 2720 646 2787 ubi
676 2720 828 2806 opinatur
857 2721 891 2786 in
921 2719 987 2786 srvat
1017 2729 1105 2802 τριχῇ
1138 2714 1387 2804 geographicum

143 2834 286 2917 quoddam
308 2858 424 2905 nomeu
447 2838 562 2909 latere.

86 3156 88 3163 Ι
182 3070 275 3160 Caput
297 3076 340 3143 33
364 3074 388 3167 ξ
412 3076 443 3146 3.
466 3088 489 3143 Β
512 3077 544 3143 ἔκ
567 3101 601 3141 τε
623 3085 676 3152 τῆς
700 3077 852 3159 Κορκύρας.
884 3077 1026 3163 Vulgata
1041 3083 1074 3145 et
1089 3075 1183 3143 Valla
1198 3072 1391 3160 particulam

86 3190 89 3301 i
145 3190 283 3262 omittunt

86 3304 89 3347 ¹
180 3308 253 3401 §b
282 3314 376 3401 Vulg.
406 3314 609 3393 ἀναλαβόντες
640 3321 781 3400 ταῦτα,
814 3328 837 3381 Β
865 3314 993 3388 αὐτας.
1028 3313 1137 3381 Valla:
1166 3333 1269 3398 „quae
1293 3333 1392 3396 quum

86 3352 90 3531 ἒ
145 3432 355 3517 accepissent”.
401 3434 481 3502 Cum
502 3456 568 3504 non
589 3435 685 3503 modo
709 3456 806 3503 navos
830 3434 887 3503 sed
910 3434 1009 3501 etiam
1029 3431 1226 3520 jaculatores
1250 3453 1270 3498 a
1292 3431 1393 3498 Motu·

86 3534 90 3633 j
144 3551 246 3633 poutiis
274 3553 516 3622 Atheniensium
539 3555 637 3623 duces
661 3555 864 3643 acceperint,
889 3554 995 3638 aptior
1017 3552 1169 3620 habende
1190 3556 1240 3618 est
1261 3551 1394 3635 vulgata

87 3650 90 3713 ῗ
142 3666 241 3751 lectio,
265 3693 362 3758 quam
385 3672 557 3742 Glossenus
581 3694 709 3759 quoquo
732 3678 782 3742 est
804 3680 944 3741 secutus.

179 3910 281 3996 caput
311 3911 356 3978 34
385 3909 409 4002 ξ
439 3913 470 3981 2.
500 3910 590 3998 Vulg.
614 3914 628 3978 i
650 3913 704 3993 μὲν
728 3911 813 3994 πεζὸς
836 3912 1007 3994 ἑκατέρωθεν
1026 3907 1395 3992 προσβεβοηθηκότες

231 4029 277 4095 ἐπὶ
299 4036 367 4103 ταῖς
389 4031 614 4112 ανεχούταος
637 4030 739 4114 ἄκραις
763 4031 982 4116 παρετέτακτο,
1008 4044 1114 4099 Β.
1136 4027 1396 4111 τρουβεβονθνκὼς

242 4153 479 4234 τρυανεχούοαις.
525 4153 577 4219 Ad
611 4152 777 4238 scriptoris
811 4171 942 4218 manum
975 4148 1206 4216 restituendam
1244 4145 1324 4214 nihil
1357 4166 1397 4213 ex

162 4422 191 4487 1)
210 4419 249 4473 Gt
267 4421 361 4488 Poppo.
377 4434 438 4486 pars
456 4417 495 4482 11,
513 4419 562 4470 vol.
580 4418 592 4469 Ι
609 4433 667 4485 pag.
684 4417 724 4469 41.
