3000 4920
665 314 709 380 49

47 573 154 638 quum
185 558 271 619 esset
300 571 318 618 e
341 551 444 618 vicino
468 550 702 636 spectaculum,
731 557 763 617 et
786 571 915 617 omnes
938 549 1061 635 pariter
1083 548 1194 615 eodem
1217 548 1324 615 intue-

48 669 197 736 rentnr”.
243 668 277 736 Si
308 671 336 742 ἐς
369 670 402 735 rl
433 670 505 736 αὐτὸ
538 669 745 755 intelligimus
775 668 815 735 de
837 668 985 734 universa
1007 688 1132 752 pugna,
1162 687 1245 751 quae
1269 687 1326 732 en·

50 794 153 874 gusto
175 788 345 874 gerebatur
367 789 456 866 loco,
481 790 508 855 B
532 795 565 855 et
580 789 673 856 Valla
688 794 776 855 recte
792 808 826 855 sc
841 786 982 865 habent3
1007 786 1159 852 sitamen
1174 791 1326 871 putamus

53 905 139 972 alios
176 906 273 972 alium
306 908 340 972 in
375 907 558 974 certaminis
590 912 715 993 partem
745 907 854 974 oculos
885 905 1056 991 direxisse,
1089 904 1220 989 vulgata
1251 924 1326 988 pro·

52 1023 168 1090 banda
198 1028 253 1090 est
297 1023 402 1091 Locus
433 1046 505 1091 com
538 1025 580 1091 sit
610 1030 799 1111 comuptus,
835 1023 915 1090 nihil
945 1043 997 1089 me
1023 1022 1132 1107 judice
1155 1043 1214 1106 pro
1238 1025 1326 1087 certo

56 1147 204 1209 statuere
225 1143 308 1210 licet

102 1261 187 1329 Ibid.
210 1261 302 1347 ang.
326 1261 523 1344 desiderando
545 1289 578 1329 πο
601 1262 646 1331 ἂν.
680 1263 708 1328 Β
730 1263 849 1348 injuria
871 1261 907 1328 oio
930 1261 1045 1328 omisit

102 1377 127 1468 ξ
160 1380 189 1444 7.
221 1378 313 1465 Vulg.
348 1376 381 1453 ἦν
411 1405 444 1444 τε
477 1383 506 1446 ἐν
536 1384 577 1462 τῷ
608 1383 779 1459 παραυτίκα
814 1381 949 1457 οὐδεμιᾶς
980 1381 1013 1453 δὴ
1043 1384 1099 1444 τῶν
1129 1376 1326 1455 ξυμπασῶν

54 1499 191 1563 ἐλάσσων
223 1497 382 1577 ἔκπληξις,
414 1498 500 1582 quod
530 1499 629 1566 habet
659 1499 756 1566 etiam
787 1497 895 1565 Valla:
932 1497 1027 1577 „Fuit
1056 1501 1163 1562 autem
1194 1494 1326 1578 (legitne

58 1616 151 1696 „tm
177 1637 215 1683 eo
248 1622 407 1684 momento
441 1638 540 1702 pavor
570 1623 697 1705 tantus,
728 1621 765 1682 ut
795 1617 902 1683 nullm
925 1636 966 1681 ex
988 1615 1205 1701 superioribus
1229 1613 1326 1679 exsti·

54 1735 136 1801 terit
160 1735 313 1821 „major”.
359 1735 386 1801 B
409 1756 469 1820 pro
491 1735 654 1815 ξυμπασῶν
681 1734 883 1802 commendat
905 1733 1064 1800 infelicem
1093 1733 1322 1800 correctionem
1420 1775 1423 1780 <

56 1879 95 1920 συ
178 1879 223 1921 ων.

95 1859 188 2041 μΙξιοος.
213 1972 305 2058 Vulg.
329 1980 402 2047 τοῖς
426 1973 680 2060 Λακεδαιμονίοις,
708 1973 735 2038 B
758 1973 932 2040 articulum
955 1992 1020 2038 non
1043 1971 1203 2057 exprimit.

104 2269 213 2354 Caput
235 2270 278 2334 72
300 2265 324 2358 ἓ
348 2270 377 2335 2.
408 2268 501 2354 Vulg.
531 2277 584 2344 τῆς
611 2269 640 2334 δὲ
667 2268 765 2341 νυκτὸς
793 2267 1028 2345 ἐβουλεύοντο
1051 2267 1131 2334 sidric
1154 2269 1327 2345 ἀναχωρεῖν.

61 2385 111 2452 Ex
134 2386 161 2450 B
184 2385 323 2453 editores
345 2393 535 2473 receperunt
557 2388 723 2473 ἐβούλοντο,
747 2388 833 2471 qnod
856 2385 1028 2453 (llassenus
1055 2383 1213 2450 defendit:
1243 2382 1327 2460 ἐβού-

61 2521 146 2569 λοντο
177 2504 249 2572 Vat
285 2527 365 2586 „nur
396 2506 456 2573 das
486 2528 552 2573 war
580 2507 633 2573 ihr
655 2489 858 2591 verlangen”.
904 2504 1089 2582 ἐβουλεύοντο
1113 2504 1171 2569 der
1192 2501 1327 2585 iibrigen

63 2625 138 2691 Hss.
167 2630 259 2711 passt
288 2624 387 2692 sehon
418 2647 523 2710 wegen
554 2625 633 2696 sera
665 2624 755 2689 nicht
785 2621 939 2698 hierher’',
986 2621 1073 2700 Quae
1105 2621 1132 2687 si
1155 2640 1230 2686 vera
1253 2623 1329 2685 sunt

64 2763 194 2809 necesse
216 2748 267 2809 est
288 2742 498 2810 Athenienses
520 2752 572 2817 τῆς
596 2742 625 2806 δὲ
648 2742 747 2812 νυκτὸς
771 2738 889 2806 abiisse
913 2739 1058 2806 voluisse.
1097 2737 1193 2805 Ouios
1216 2744 1326 2804 tamen

64 2860 199 2926 militum
222 2860 372 2927 desiderii
395 2860 513 2927 mentio
532 2859 621 2926 nulla
636 2858 690 2934 fit,
716 2878 820 2943 neque
835 2858 933 2923 duces
948 2857 1023 2922 huic
1039 2857 1179 2923 abeundi
1195 2854 1327 2922 consilio

66 2977 227 3045 obstitisse
258 2977 402 3063 legimus.
448 2978 517 3045 Imo
547 2999 620 3044 oum
650 2998 747 3044 naves
776 2975 950 3043 ascendere
972 2974 1178 3059 juberentur,
1203 2979 1239 3039 ut
1260 2975 1328 3049 ἅμα

65 3095 99 3178 ἕῳ
131 3097 179 3162 τὸν
208 3096 330 3162 ἔκπλουν
359 3098 522 3175 βιάσασθαι
551 3103 759 3173 conarentur.
793 3116 857 3161 non
888 3095 997 3161 statim
1027 3099 1124 3160 noctu
1155 3112 1210 3158 eos
1239 3091 1328 3158 abire

66 3215 216 3296 voluisse,
248 3215 303 3282 sod
334 3216 428 3282 modo
458 3216 671 3293 remeavisse,
702 3217 872 3299 quominus
903 3212 1063 3279 maritimo
1094 3211 1207 3278 itinere
1235 3209 1327 3276 dece

67 3335 195 3412 dorent,
229 3338 341 3400 auctor
364 3340 485 3401 narrat.
531 3333 687 3418 Equidem
710 3332 848 3398 retinere
872 3330 981 3397 malim
1004 3329 1167 3414 vulgatam
1190 3349 1211 3395 a
1233 3328 1327 3396 Valla

68 3474 269 3538 expressam:
293 3448 571 3531 „consultabant’'.

17 3619 19 3623 .
111 3569 137 3661 ξ
158 3571 188 3636 4.
211 3570 304 3655 Vulg.
334 3582 371 3653 τῇ
402 3569 488 3651 ἥσσῃ,
511 3583 533 3635 Β
555 3594 590 3634 τε
619 3578 656 3650 τῇ
687 3567 770 3650 ἥσσῃ.
807 3565 930 3652 Copula
952 3574 1082 3650 praeter
1105 3568 1329 3635 necessitatem

70 3690 210 3757 additam
234 3689 321 3776 apud
345 3689 473 3756 Vadam
496 3711 561 3760 non
584 3694 700 3757 exstat.

114 3985 218 4071 Caput
241 3986 284 4050 73
306 3983 331 4076 ξ
357 3988 385 4051 1.
419 3986 510 4071 Vulg.
545 3986 640 4063 λέγων
674 3991 774 4050 ταῦτα
808 3985 865 4049 καὶ
900 3984 1025 4063 ἃαύπῷ
1048 3982 1149 4062 ἐδόκει,
1173 3994 1194 4047 Β
1217 3980 1238 4046 ἃ
1261 3982 1331 4048 καὶ.

69 4106 281 4173 Herwerdeno
312 4111 487 4191 praeeunte
510 4104 652 4172 Stahlius
676 4103 800 4170 uncinis
821 4102 951 4168 inclusit
972 4100 1086 4186 verba,
1115 4120 1199 4184 quae
1221 4122 1332 4168 revera

70 4224 253 4291 desiderant
282 4225 588 4309 interpretationem.
637 4222 779 4290 classeni
813 4221 1020 4288 annotatione
1057 4218 1127 4300 „aet
1162 4221 1241 4299 αὐτῷ
1272 4240 1331 4285 aus

10 4382 12 4387 ,
71 4344 196 4429 eigener
219 4340 436 4426 Vermutung”
460 4341 537 4425 qnid
559 4341 727 4426 lucremur,
752 4361 817 4406 non
839 4339 939 4404 video.
975 4336 1069 4403 Vella
1090 4337 1124 4402 in
1146 4335 1332 4421 parenthesi
