3000 4920
683 304 702 373 ‘l

41 567 115 615 esse
150 554 288 616 servata
318 568 391 634 pag.
414 547 496 633 516,
520 548 583 615 582
614 550 686 614 αλλ’
708 549 792 614 αὐτοί
812 573 847 613 τε
869 547 916 613 διὰ
939 554 1079 629 φυλακῆς
1103 551 1220 624 μᾶλλον
1243 550 1259 622 ἢ
1282 544 1331 610 διὰ

44 667 188 733 κινδύνων
212 667 248 732 τὸ
270 666 463 749 στρατόπεδον
486 669 639 733 ἐποιοῦντο.

94 935 214 1021 Caput
244 937 277 1005 9.
307 934 400 1020 vulg.
431 937 480 1002 καὶ
510 936 545 1001 τὸ
575 937 647 1016 θέρος
669 935 832 1020 ἐτελεύτα,
857 948 879 1001 Β
903 935 996 1002 addit
1017 940 1118 1021 τοῦτο,
1143 932 1230 1018 quod
1251 932 1331 999 vidit

46 1055 167 1122 Vallaz
197 1059 318 1140 „atque
341 1053 422 1120 haee
445 1059 554 1122 aestas
578 1052 745 1123 excessit”.

96 1322 210 1409 Caput
236 1324 287 1392 10.
314 1323 409 1409 Vulg.
433 1322 460 1388 οἵ
480 1324 525 1397 τίς
546 1349 575 1389 τι
598 1323 715 1402 ἠρώτα
738 1325 938 1406 οὶπεκρένοντο,
963 1336 985 1390 Β
1009 1324 1184 1406 ἐπηρώτα.
1218 1323 1329 1405 Valla,

49 1442 106 1528 qui
137 1440 364 1527 neglegentius
395 1441 506 1547 uertit,
538 1442 618 1509 nihil
648 1464 707 1511 nos
738 1442 891 1511 certiores
921 1442 1011 1511 lacit.
1057 1445 1203 1528 Utraque
1232 1442 1330 1510 lectio

50 1560 128 1629 ferri
152 1564 286 1647 potest,
309 1559 370 1627 etsi
393 1558 526 1628 verbum
550 1562 760 1647 compositum
784 1560 1019 1649 significantius
1042 1569 1092 1630 est
1115 1560 1243 1629 dictum.

96 1829 208 1917 Caput
234 1831 273 1896 ll
297 1827 322 1920 ξ
347 1832 375 1896 l.
404 1830 494 1916 Vulg.
518 1832 547 1897 ἕν
569 1832 679 1904 ἄλλαις
702 1839 862 1905 πολλαῖς
886 1833 1077 1910 ἐπιστολαῖς,
1114 1843 1136 1897 Β
1160 1833 1190 1897 ἕν
1214 1828 1326 1902 ἄλλοις

52 1955 243 2024 ἐπιστολαῖς.
266 1950 374 2018 Valla:
404 1971 463 2032 „ex
488 1949 707 2036 superioribus
731 1949 876 2037 epistolis
898 1948 1047 2016 nostris’'.
1076 1949 1156 2017 Cum
1174 1948 1329 2017 Vaticano

54 2079 87 2139 et
117 2070 219 2138 Valla
249 2068 332 2138 faoio
362 2070 397 2136 in
427 2070 606 2138 omittenda
636 2091 711 2137 roes
741 2075 884 2148 πολλοῖς,
918 2091 1016 2156 quam
1045 2069 1178 2138 librario
1203 2070 1329 2152 tribuo,

54 2193 125 2277 qui,
159 2191 316 2278 memoria
346 2195 460 2258 tenens
490 2212 517 2258 o.
549 2190 569 2256 8
600 2191 763 2268 aaronem
793 2190 938 2264 πολλάκις
969 2191 1018 2256 καὶ
1042 2190 1171 2277 ἄλλοτε,
1195 2191 1331 2259 inseruit

55 2310 236 2396 emblema,
263 2312 332 2396 jam
363 2309 450 2396 turpi
480 2309 736 2377 homoeoteleuto
767 2309 965 2376 damnatum.
1013 2308 1048 2376 Si
1078 2331 1231 2378 monuero
1256 2332 1329 2378 oum

58 2429 202 2496 codicem
226 2428 421 2511 Parisinum,
444 2429 500 2514 qui
522 2429 557 2496 in
580 2428 709 2516 optimis
731 2428 822 2496 libris
846 2434 895 2495 est
910 2426 1096 2516 habendus,
1114 2436 1181 2497 tum
1198 2429 1330 2497 Vallem

59 2550 206 2617 omittere
241 2556 385 2636 πολλοῖς,
421 2570 487 2615 non
517 2549 613 2616 eredo
644 2549 783 2616 levitatis
817 2570 868 2617 me
901 2570 972 2618 esse
1004 2552 1238 2633 accusandum,
1274 2553 1330 2637 qui

59 2669 208 2755 vulgatae
229 2667 325 2734 fidem
347 2689 414 2736 non
437 2666 583 2736 habeam.

102 2787 127 2880 ξ
151 2791 183 2855 2.
214 2788 306 2875 Vulg.
330 2790 363 2855 ἐκ
383 2790 600 2865 Πελοποννήσου
622 2791 672 2854 καὶ
695 2786 756 2853 erl
777 2793 834 2853 τῶν
856 2788 885 2852 ἕν
909 2787 1032 2870 Σικελία
1054 2789 1186 2874 πόλεων,
1210 2802 1232 2856 Β
1255 2796 1330 2877 post

10 2994 12 2999 Ι
62 2912 93 2975 ἐκ
120 2908 234 2976 inserit
259 2933 315 2989 τε;
338 2906 456 2974 omittit
478 2912 585 2974 antem
608 2906 685 2984 οὶπό,
710 2903 797 2990 quod
820 2910 929 2972 utrum
952 2905 1135 2974 addendum
1159 2908 1201 2975 sit
1224 2930 1326 2976 neone

62 3049 126 3096 nou
156 3032 292 3095 oonstat.
336 3025 430 3094 Valla
460 3052 494 3092 τε
516 3046 581 3093 non
604 3025 776 3111 expressit:
801 3024 959 3111 „Advenit
982 3025 1140 3113 Gylippus
1256 3049 1328 3095 oum

67 3147 226 3228 „exercitu
249 3167 289 3212 ex
312 3145 532 3232 Peloponneso
555 3151 589 3213 et
611 3166 653 3213 ex
675 3144 870 3230 quibusdam
894 3144 1107 3212 Siciliensium
1131 3147 1328 3214 civitatum’.

65 3264 184 3350 Copula
215 3264 315 3349 igitur
344 3263 503 3330 invenitur
533 3264 567 3330 in
598 3275 620 3329 Β
648 3263 734 3351 solo,
761 3263 815 3348 qui
839 3263 969 3348 saepius
992 3263 1054 3330 hae
1076 3265 1109 3330 in
1133 3285 1168 3331 re
1192 3263 1232 3331 ab
1257 3265 1329 3333 aliis

66 3385 240 3471 discrepat,
275 3383 362 3469 quod
393 3389 513 3453 temere
544 3383 634 3451 addit
664 3409 715 3461 τε,
745 3388 782 3449 ut
808 3384 878 3469 jam
912 3382 1024 3468 Poppo
1054 3382 1089 3448 in
1119 3389 1189 3449 arte
1218 3384 1329 3451 critica

68 3526 122 3572 sua
137 3506 164 3591 1)
194 3505 321 3586 docuit,
344 3503 400 3571 ubi
423 3504 623 3583 Beklrerum,
647 3502 753 3570 servili
776 3501 842 3569 lore
865 3500 961 3569 modo
986 3500 1179 3568 Vaticanum
1202 3502 1330 3570 imitan-

69 3629 145 3711 tem,
166 3625 254 3692 hisee
277 3624 437 3712 vituperat
459 3622 584 3693 verbis:
612 3621 767 3708 „Saepius
791 3623 888 3689 etiam
911 3621 986 3690 vae
1011 3627 1044 3688 et
1067 3619 1106 3687 H.
1130 3620 1164 3707 (i.
1188 3642 1214 3688 e.
1238 3620 1329 3688 Pari·

71 3742 178 3830 unum)
209 3744 295 3811 solos
325 3748 454 3811 secutus
486 3749 552 3831 est,
586 3741 672 3809 velut
694 3740 880 3826 frequenter
902 3740 936 3806 in
959 3741 1070 3807 addita
1092 3739 1254 3825 particula
1276 3740 1328 3820 τέ,

73 3881 160 3946 quem
180 3861 213 3929 hi
235 3862 312 3930 libri
335 3862 538 3930 vehomenter
561 3867 691 3947 ament,
715 3880 874 3945 quamquo
898 3879 938 3925 ex
959 3859 1000 3926 iis
1015 3858 1167 3946 inseruit,
1185 3857 1246 3924 VH
1262 3862 1325 3926 o.l

72 3978 141 4068 (bis)
161 4004 186 4051 o.
211 3984 262 4049 11.
287 4003 317 4048 o.
342 3983 392 4048 18.
416 4004 443 4049 e.
468 3983 521 4048 20.
544 4001 572 4050 e.
596 3978 650 4045 25.
674 4000 702 4046 c.
726 3979 779 4045 29.
802 3999 829 4045 o.
853 3979 907 4044 33.
931 3999 957 4044 o.
981 3978 1024 4044 38
1050 3977 1111 4044 al”
1159 3976 1328 4057 Quainre

74 4105 232 4185 postquam
262 4101 298 4166 in
327 4097 487 4185 prioribus
518 4099 754 4184 quinquaginta
784 4098 878 4165 huius
909 4098 1036 4184 septimi
1065 4098 1140 4167 libri
1168 4096 1328 4182 capitibus

103 4397 128 4465 t)
141 4399 270 4470 Poppouis
287 4413 350 4469 pars
367 4399 394 4452 11
411 4399 461 4452 vol.
479 4398 492 4451 1
509 4413 567 4466 pag.
585 4396 643 4450 133.
