3000 4920
758 256 802 322 63

162 493 294 580 Gaput
319 497 341 562 6
365 494 389 586 ξ
410 496 436 562 1.
460 494 551 581 Vulg.
574 494 650 577 περὶ
677 495 725 561 πδν
749 494 837 561 αὑτὸν
861 494 967 581 καιρὸν,
991 506 1012 559 Β
1038 494 1120 573 ὑπὲρ
1144 511 1324 577 perperam.
1371 491 1419 555 Ex

112 612 223 680 Valla
251 614 343 680 nihil
367 621 505 701 apparet
527 636 632 700 neque
656 614 754 700 paulo
777 613 862 681 infra
886 620 906 697 ς
931 616 965 694 2,
989 614 1044 679 ubi
1067 612 1094 677 B
1117 633 1177 698 pro
1201 612 1330 675 πείπινπι
1348 629 1417 693 per-

109 754 240 818 peram
274 734 400 800 πείσωσι
423 735 531 802 tradit.

159 859 184 937 ξ
214 855 252 919 2.
283 854 380 940 Vulg.
403 854 430 919 B
454 855 572 940 injuria
593 857 607 921 ι’
629 855 684 931 μὲν
707 875 767 939 pro
790 856 814 919 ci
837 856 900 932 μὲν.
937 853 1033 920 Valle
1056 857 1158 919 recte:
1186 850 1297 931 „illis”.

160 977 184 1056 ξ
214 974 250 1038 3.
283 971 380 1058 Vulg.
412 974 511 1055 Ἐνδίςι
540 975 701 1056 ἐφαρεύονπι
733 975 872 1055 πατρικὸς
903 975 930 1043 ἒς
954 975 995 1039 roi
1019 973 1156 1051 μάλιστα
1176 970 1252 1048 ξένας
1268 971 1312 1034 ὤν.
1334 970 1417 1035 Ante

109 1092 141 1162 ἐς
167 1092 209 1157 in
239 1090 275 1155 Β
299 1096 352 1157 est
374 1090 442 1172 καὶ,
472 1097 509 1157 ut
540 1093 582 1159 sit
613 1092 790 1159 sententia:
821 1091 870 1157 vel
899 1091 1177 1177 conjunctissimus
1200 1090 1320 1172 hospes
1345 1096 1417 1154 erat

111 1214 304 1293 paternus.
342 1208 468 1277 Vallem
498 1232 626 1296 quoque
657 1215 850 1279 vertentem:
884 1215 974 1290 „eret
996 1209 1153 1293 imprimis
1176 1209 1293 1292 hospes
1317 1207 1415 1272 etiam

111 1327 313 1416 paternns''
346 1331 397 1396 xci
427 1331 542 1398 vidisse
570 1336 717 1417 apparet.
763 1331 854 1410 Quae
877 1351 955 1396 vera
980 1331 1021 1396 sit
1044 1330 1157 1413 lectio,
1181 1330 1214 1394 in
1239 1327 1342 1392 medio
1366 1348 1416 1393 re·

111 1448 325 1533 linquamus
347 1469 478 1516 necesse
501 1456 560 1517 est

161 1566 191 1658 ξ
218 1569 257 1633 4.
291 1566 385 1652 Vulg.
416 1566 466 1632 καὶ
489 1565 574 1633 ἄλλα
606 1572 623 1646 ἦ
648 1568 732 1641 πόλις
755 1568 840 1644 ἱκανή
863 1592 938 1635 εστι.
974 1567 1128 1634 Iteratum
1153 1570 1176 1632 εἱ
1201 1575 1276 1632 ante
1301 1569 1317 1641 ἡ
1341 1565 1415 1631 libri

114 1687 144 1753 B
172 1707 280 1754 nemo
304 1692 437 1772 praeter
459 1687 649 1756 Classenum
671 1688 831 1773 interpres
853 1686 975 1770 recepit
999 1707 1103 1770 neque
1128 1685 1224 1752 Valla
1246 1685 1413 1770 expressit.

165 1813 189 1892 ξ
215 1806 253 1873 5.
279 1805 374 1891 Vulg.
397 1807 447 1873 soi
469 1807 503 1872 πὸ
525 1807 581 1884 μὲν
604 1813 714 1889 πρῶτον
737 1807 808 1872 δέκα
832 1806 940 1871 τούτων
963 1805 1064 1871 αὐτοὶ
1081 1806 1204 1882 ἔμελλον
1220 1806 1346 1882 πέμπειν
1362 1807 1411 1870 καὶ

117 1925 370 2007 Μελαγχμδαν.
405 1926 492 1993 Bet
521 1927 603 1994 liber
627 1926 652 1993 C
675 1947 734 2012 pro
767 1926 849 1992 αὐτοὶ
877 1925 999 1991 habent
1021 1927 1154 1996 adroic.
1191 1923 1286 1990 Valla
1309 1923 1411 2008 negle-

119 2053 244 2131 genter
270 2052 423 2112 neutrum
448 2044 637 2113 vocabulum
657 2047 825 2132 expressit.
856 2046 1014 2129 Equidem
1032 2045 1129 2111 miror
1146 2066 1255 2111 omnes
1272 2045 1411 2110 editores

121 2165 230 2232 tidem
266 2163 389 2231 habere
415 2164 545 2231 lectioni
568 2166 661 2230 αὐτοί.
698 2164 868 2233 Classenus
893 2164 1122 2230 nominativum
1146 2164 1228 2228 otro>
1253 2163 1411 2245 defendit,

125 2284 247 2350 dicens
272 2284 377 2369 primo
402 2282 675 2352 Lacedaemonios
698 2285 850 2352 habuisse
872 2284 905 2349 in
929 2283 1036 2350 animo
1061 2304 1187 2349 armare
1211 2281 1321 2347 decem
1336 2281 1410 2348 illas

121 2425 227 2471 naves
263 2403 331 2470 suis
363 2404 508 2489 ipsorum
531 2405 702 2485 militibus,
733 2410 839 2471 terrae
862 2408 970 2469 autem
994 2408 1082 2468 motu
1107 2406 1216 2467 exorto
1240 2401 1409 2466 consilium

120 2531 274 2590 mutasse
298 2529 331 2590 et
357 2544 417 2608 pro
440 2524 572 2591 navibus
589 2525 699 2591 decem
716 2525 810 2590 modo
829 2524 954 2589 dedisse
970 2522 1112 2607 quinque
1128 2527 1161 2587 et
1177 2541 1235 2604 pro
1254 2520 1408 2586 militibus

123 2642 307 2728 Spartiatis
339 2643 466 2709 dedisse
495 2644 670 2728 perioeoos.
716 2644 842 2728 Rogare
866 2649 975 2709 tamen
999 2642 1091 2708 velim
1115 2641 1199 2705 unde
1224 2640 1271 2704 vir
1294 2640 1407 2705 claris·

123 2763 231 2829 simus
253 2763 379 2829 noverit
394 2763 505 2830 decem
521 2785 618 2830 naves
635 2763 818 2849 Spartiates
834 2761 1096 2829 Lacedaemoniis
1113 2758 1234 2826 civibus
1250 2760 1406 2825 instruere

123 2880 289 2949 voluisse?
324 2881 486 2948 Mututum
521 2883 689 2950 oonsihum
724 2881 925 2969 Thucydides
959 2880 1129 2965 perspicuo
1161 2879 1260 2945 refert
1292 2878 1403 2944 modo:

122 3001 190 3067 dni
225 3007 278 3067 τοῦ
311 3005 527 3084 Μελαγχριδνν
559 3005 707 3070 Χαλκιδέα
739 3006 871 3081 ἔπεμπον
894 3004 943 3068 καὶ
968 3002 1033 3066 cieri
1057 3008 1112 3065 τῶν
1135 3001 1205 3064 δέκα
1229 3000 1294 3063 νὲιιν
1318 2998 1404 3061 πέντε

126 3121 390 3203 παρεσκευάζοντο.
430 3120 493 3189 Sed
525 3124 565 3189 de
596 3124 730 3190 militum
764 3124 895 3190 natione
930 3122 1030 3187 ultum
1063 3120 1239 3185 silentium!
1276 3118 1404 3184 Etenim

74 3254 76 3333 l
125 3238 155 3307 si
184 3240 271 3305 αὐτοὶ
303 3246 389 3307 esset
421 3261 530 3308 rerum
561 3249 594 3310 et
617 3244 864 3310 Lacedaemonii
887 3243 913 3309 si
938 3243 1003 3308 suis
1028 3241 1147 3306 civibus
1172 3261 1268 3305 naves
1292 3239 1402 3303 docem

74 3366 78 3467 ξ
124 3360 287 3427 amaturi
308 3359 462 3448 fuissent,
484 3362 571 3431 haud
596 3364 691 3430 dubie
708 3364 811 3431 verbis
828 3366 856 3428 ἐν
872 3373 908 3445 τῇ
926 3371 1078 3440 Λακωνικῇ
1096 3359 1218 3443 aliquid
1235 3358 1402 3442 opposuis-

74 3554 77 3577 Ι
126 3486 175 3546 set
197 3480 349 3566 scriptor,
374 3481 458 3548 unde
482 3490 673 3569 appareret,
696 3484 813 3568 quibus
829 3482 984 3548 militibus
1000 3480 1050 3545 usi
1066 3479 1202 3545 tuissent
1219 3478 1278 3543 nisi
1295 3486 1401 3543 terreo

117 3596 216 3666 ‘motu
240 3599 387 3668 deterriti
409 3603 576 3669 consilium
600 3604 690 3689 prius
714 3603 928 3687 reliquissent.

101 3798 103 3802 Ι
169 3717 264 3797 Quod
286 3719 314 3783 B
336 3742 397 3805 pro
420 3721 547 3798 πέμπειν
572 3722 702 3789 exhibet
724 3723 867 3788 futurum
893 3721 1037 3800 πέμψειν,
1063 3719 1124 3783 hac
1147 3717 1181 3781 in
1205 3738 1239 3783 rs
1260 3717 1398 3783 editores

126 3856 198 3903 eum
222 3838 337 3906 merito
361 3844 438 3906 sunt
459 3842 570 3907 secuti.
619 3840 701 3908 Vale
727 3841 875 3923 „missuri
898 3836 1019 3905 erant”.

167 4076 275 4162 Caput
298 4078 317 4142 7
342 4082 364 4161 ξ
389 4080 418 4143 1.
453 4078 547 4163 Vulg.
578 4085 630 4145 τοῦ
661 4080 685 4144 δ’
716 4080 936 4157 ἕπινιγννμὲνιν
968 4079 1058 4157 θέρους
1090 4076 1188 4150 εὐθύς,
1223 4088 1243 4139 ll
1268 4072 1336 4151 ι’ἱμιι
1367 4075 1396 4138 δὲ

124 4195 302 4279 adriperet
326 4199 545 4276 ἕπινιννομὲιιν
568 4199 658 4279 θέρευς
683 4201 774 4271 εὐθύς.
808 4199 879 4264 Non
902 4199 1041 4263 omnium
1060 4217 1232 4279 annorum,
1258 4215 1394 4278 quorum

125 4336 174 4384 res
198 4323 312 4403 gestae
336 4337 358 4382 a
381 4315 537 4402 scriptore
561 4326 731 4385 enarratae
756 4325 843 4398 sunt,
867 4337 939 4383 vero
963 4318 1093 4381 ineunte
1117 4314 1235 4380 bellum
1259 4314 1394 4380 redinte-
