3000 4920
808 311 830 374 2

223 545 303 613 Ibid.
328 546 419 633 Vulg.
445 550 511 630 τοὺς
536 551 747 621 Σελινουντίους
770 551 948 630 πέμψαντες
972 548 1102 614 ἐκέλευον
1124 551 1264 614 οίπαντοῖν
1288 553 1453 632 οτρατιᾷ

179 666 208 737 ἔς
231 691 260 731 τι
282 668 396 749 χορίον,
430 682 453 735 Β
473 678 710 756 πανστρατιᾷ
725 676 762 738 ut
776 672 870 740 Valla
886 671 1103 759 „Selinuntius
1120 675 1290 753 praeterea
1301 669 1452 754 jussere,

182 788 306 868 „missis
337 788 548 874 quibusdam,
579 792 622 858 ad
649 796 772 858 eertum
794 792 900 859 leeum
923 791 986 858 sibi
1008 810 1175 857 occurrere
1200 810 1273 856 eum
1296 787 1453 855 omnibus

179 908 329 993 „copiis”
374 909 446 977 Etsi
479 916 501 995 ὅ
536 909 558 976 5
594 909 790 978 Selinuntius
824 932 889 977 non
922 915 1110 993 πανστρατιᾷ
1141 908 1264 975 venisse
1297 907 1453 992 legimus,

178 1033 324 1113 praestat
351 1028 557 1095 nihilominus
579 1029 674 1097 leutio
697 1029 772 1095 libri
794 1042 834 1116 Β,
859 1050 956 1115 quam
979 1028 1152 1096 Classenus
1174 1028 1264 1094 hisee
1288 1026 1453 1094 defendit:

182 1145 306 1226 „Wenu
336 1146 420 1213 euch
451 1147 503 1213 die
532 1146 743 1232 Ausfiihrnng
773 1146 812 1236 (ᾖ
842 1149 878 1234 5)
909 1149 1013 1215 dieser
1042 1147 1232 1232 Forderung
1262 1146 1352 1213 nieht
1381 1151 1454 1212 ent

182 1263 339 1349 „sprieht,
371 1287 408 1332 se
438 1287 504 1333 war
527 1267 610 1333 doeh
632 1267 720 1334 diese
742 1268 855 1352 gewiss
878 1266 937 1333 eui
958 1267 1030 1334 eine
1053 1270 1199 1351 grissere
1222 1264 1454 1350 Austrengung

181 1388 415 1470 ,,(πανοτρατιρ”ο)
445 1386 634 1471 geriehtet’'
680 1386 814 1453 Accedit
842 1385 929 1471 quod
959 1383 984 1476 ξ
1013 1387 1035 1452 5
1065 1385 1146 1452 nihil
1176 1385 1218 1451 ad
1242 1385 1449 1451 statuendam

179 1503 346 1573 lectionem
373 1507 480 1593 juvat3
513 1507 701 1592 quaestione
731 1507 815 1572 enim
837 1507 872 1572 in
894 1507 999 1574 medio
1022 1506 1137 1573 relicta
1160 1513 1267 1571 utrum
1291 1502 1452 1590 Gylippus

175 1624 325 1710 jussisset
355 1625 551 1694 Selinuntius
582 1625 645 1694 sibi
673 1626 792 1693 auxilio
822 1628 928 1694 venire
958 1633 1147 1710 πανστρατιᾷ
1179 1645 1221 1690 en
1251 1631 1394 1708 οτρατιρῖ,
1418 1623 1453 1690 hi

179 1749 266 1812 certe
297 1745 388 1812 ducis
418 1745 573 1813 mandato
597 1744 741 1813 obsecuti
764 1766 829 1813 uon
851 1752 945 1833 suut,
969 1747 1025 1830 qui
1047 1745 1142 1812 mode
1165 1766 1249 1815 τινας
1271 1744 1375 1822 ψιλοὺς
1398 1742 1451 1807 καί

179 1864 289 1938 ἱππέας
323 1865 479 1933 miserunt
511 1887 616 1952 neque
650 1866 749 1951 igitur
784 1887 825 1932 ne
859 1873 986 1951 στρατιᾷ
1020 1864 1150 1950 quidem
1182 1864 1355 1938 ἀπαντῆσαι
1386 1860 1453 1928 diei

179 1990 323 2070 possunt.

223 2103 247 2196 ξ
270 2105 299 2172 4,
322 2104 415 2191 Vulg.
434 2111 531 2174 ..τοῦ
547 2106 700 2172 Γυλίππου
718 2104 994 2186 ...προθύμοις
1017 2106 1208 2177 δοκοῦντος
1233 2103 1341 2180 ἥκειν.
1366 2101 1453 2168 Βδο·

178 2208 292 2298 νοοῦντος
323 2225 471 2306 προθύροις
502 2223 588 2300 ἥκειν.
633 2225 728 2293 Valla
757 2224 936 2312 „Gylippus
958 2224 1093 2310 impigre
1115 2224 1221 2291 venire
1245 2245 1262 2289 e
1285 2222 1452 2289 Lacedae-

181 2343 518 2423 „menevidebatuu”

222 2459 302 2555 §fa
317 2545 320 2550 ¹
334 2462 428 2548 Vulg.
460 2464 508 2528 καί
540 2464 554 2528 d
580 2465 635 2542 μὲν
657 2462 807 2536 Γύλιππος
829 2464 991 2542 asaradan
1013 2469 1070 2529 τῶν
1092 2489 1133 2529 τε
1156 2461 1303 2544 σφετέρων
1326 2466 1451 2528 ναυτῶν.

177 2593 200 2647 Β
231 2582 350 2649 omittit
380 2584 501 2670 majore
531 2605 604 2650 eum
636 2585 743 2671 speeie
775 2583 940 2672 copulam,
972 2605 1056 2670 quae
1087 2583 1184 2651 etiem
1208 2581 1295 2667 apud
1320 2579 1452 2647 Vallem

178 2698 382 2769 desideratur
421 2704 576 2788 „sumptis
606 2703 717 2788 iteqne
747 2703 904 2790 Gylippus
935 2725 953 2770 e
981 2724 1113 2770 suorum
1148 2708 1348 2769 armatorum
1383 2699 1450 2783 epi·

131 2800 412 2921 ..phetammque
441 2844 592 2912 numero,
617 2845 698 2908 quos
721 2829 921 2910 armaverat,
946 2824 988 2891 ed
1012 2820 1263 2908 septingent0s”.
1299 2819 1384 2886 Cave
1409 2838 1451 2884 ne

177 2946 297 3010 temere
320 2944 438 3028 prebes
460 2944 654 3035 particulam
676 2970 726 3030 τε,
752 2964 835 3029 quae
858 2943 956 3010 etiam
978 2943 1011 3008 in
1035 2954 1057 3008 Β
1081 2914 1209 3026 saepius
1234 2937 1302 3007 sine
1325 2959 1450 3026 causa,

83 3074 87 3081 '
175 3062 368 3147 praesertim
391 3062 537 3129 inlibris
561 3036 697 3147 septimo
720 3067 753 3129 et
775 3067 892 3130 oetave
911 3067 961 3128 est
984 3061 1106 3127 addita.
1130 3058 1171 3126 ei.
1193 3080 1221 3127 υ.
1248 3060 1288 3124 11
1312 3055 1337 3148 ξ
1362 3059 1392 3124 3.
1411 3149 1414 3151 ‚

130 3222 134 3232 ·
223 3181 304 3247 Ibid.
339 3180 429 3267 Vulg.
463 3183 619 3264 Ἱμεραίους
650 3183 681 3247 δὲ
711 3181 873 3254 ὁπλίτας
902 3181 1037 3262 φιλοὺς
1067 3177 1301 3262 ξυνααφοτέριυς
1331 3178 1451 3258 χιλίους

178 3301 226 3367 καί
250 3301 360 3375 ἱππέας
383 3301 486 3367 ἑκατὸν
508 3302 570 3367 καί
594 3302 858 3368 Σελινουντίαν
879 3303 961 3374 τινας
983 3288 1088 3380 ψιλοὺς
1111 3298 1162 3364 καί
1185 3297 1306 3370 ἱππίας.
1329 3309 1400 3366 Β..
1415 3345 1447 3364 ..

178 3421 337 3495 ὁπλίτας
361 3421 422 3486 καί
445 3422 574 3501 ψιλοὺς
698 3423 759 3488 καί
785 3420 1049 3487 Σελινουντίων
1071 3420 1110 3485 τί
1138 3443 1252 3492 τινας.
1286 3417 1449 3486 Vaticano

178 3541 302 3609 tollenti
320 3540 503 3608 barbariem
519 3520 643 3616 ὁπλίτας
659 3543 763 3623 ψιλοὺς
778 3542 867 3609 haud
884 3541 1032 3609 dissentit
1049 3540 1144 3608 Valla
1162 3545 1214 3621 „et
1229 3538 1448 3606 Imereeorum

181 3666 268 3741 „tam
299 3661 375 3729 levis
406 3682 503 3747 qnam
534 3684 598 3731 nen
630 3663 707 3730 levis
739 3661 954 3730 armaturae.”
1001 3661 1157 3747 Copulsm
1181 3665 1289 3726 autem
1312 3685 1347 3724 τε
1370 3667 1450 3728 unte

177 3805 258 3856 τινας
290 3782 385 3850 modo
415 3782 450 3848 in
472 3795 494 3848 Β
519 3804 705 3868 expressam
729 3784 825 3852 Valla
848 3783 954 3852 emisit
976 3802 1079 3867 neque
1103 3802 1203 3848 eausa
1225 3801 1283 3848 eur
1305 3780 1450 3847 addatur

178 3899 256 3967 mihi
277 3901 427 3986 pellucet.

222 4138 330 4225 Caput
352 4142 372 4206 2
394 4138 419 4231 ὅ
442 4144 473 4209 3.
498 4141 590 4228 Vulg.
614 4143 627 4207 ὅ
649 4141 680 4208 δέ
701 4167 739 4221 γε
761 4139 912 4220 τίοτίτε,
935 4151 957 4204 Β
982 4139 995 4203 ί
1018 4136 1047 4203 δέ
1070 4161 1108 4215 γε
1132 4136 1172 4202 τοί
1195 4135 1261 4202 τότε
1286 4161 1325 4201 τι.
1372 4136 1447 4204 Non

177 4257 239 4324 nisi
269 4259 387 4326 misere
417 4261 564 4328 lectionis
595 4261 714 4329 rudera
744 4261 779 4326 in
809 4259 900 4327 libris
931 4278 1098 4343 superesse
1128 4257 1201 4342 quis
1228 4256 1357 4340 estqui
1381 4278 1449 4326 non

177 4379 305 4445 videat?
350 4379 465 4446 Valles
488 4378 586 4446 editio
610 4401 630 4445 a
654 4378 817 4464 Stephano
840 4377 1006 4463 recognita
1027 4374 1164 4462 praebet
1190 4376 1263 4457 „ille
1289 4396 1387 4459 quum
1412 4379 1447 4442 in
