3000 4920
719 327 785 392 114

156 559 234 652 §a
256 565 347 650 l'ulg„
369 568 431 631 ixi
453 575 506 641 τῆς
528 570 604 636 Δὶς
627 574 729 634 recte:
754 580 777 632 B
800 572 887 637 Λὶνς.
912 566 1008 634 Valla
1029 571 1064 633 et
1086 567 1140 634 hic
1155 574 1190 634 et
1207 567 1388 653 superioris

113 683 231 766 capitis
251 682 277 774 ξ
299 686 321 750 2
343 686 384 753 de
406 687 469 754 hac
490 687 571 754 urbe
594 690 786 756 mentionem
806 688 888 755 facit
907 687 1032 755 nullam
1052 707 1126 753 cnm
1148 686 1276 754 dnobus
1291 686 1388 753 libris

113 801 201 868 haud
223 807 342 891 pejoris
365 815 462 875 notae
484 808 537 892 (G.
553 809 609 893 hi.)
630 809 785 876 exhibens
799 811 861 874 ἑτὸ
875 817 929 883 τῆς
944 807 1261 885 Αικεδονμονίοοῑ
1282 808 1391 888 „clas

111 922 157 988 sis
179 942 201 987 a
222 922 464 993 Lacedaemone
481 929 552 1012 jam
574 927 817 995 circumvecta
864 927 957 994 Sitne
979 926 1118 994 fortasse
1140 930 1210 999 Δὶς
1232 946 1387 1010 compen·

111 1038 200 1104 dium
223 1040 334 1109 Vallae
356 1045 525 1123 lectionis,
548 1067 665 1131 rogare
687 1047 807 1112 velim?

157 1159 237 1226 Ibid
262 1160 353 1248 Vulg.
377 1163 620 1249 Ἀριττονράτηςς
642 1167 670 1231 Β
694 1166 866 1232 articulum
889 1165 992 1232 addit.

157 1281 183 1367 ξ
204 1279 236 1344 4.
259 1280 352 1365 Vulg.
375 1280 550 1358 ’Μνξιιλέι
570 1286 799 1362 ...μάλιστα
814 1286 882 1363 πρὸς
898 1285 966 1357 τοὺς
982 1285 1110 1365 ἑτοίρονς
1124 1283 1391 1363 τετραμμένον.

113 1397 141 1461 Β
171 1397 253 1464 falso
283 1401 508 1477 resurretura
570 1401 657 1468 Nihil
687 1403 840 1470 discimus
870 1424 910 1469 ex
938 1402 1052 1488 Valla,
1083 1403 1140 1487 qui
1171 1423 1292 1487 graeca
1326 1423 1390 1469 non

113 1517 283 1585 intellexit:
308 1520 604 1606 „comprehendunt
626 1521 801 1588 Alexiolern
818 1523 905 1589 inter
926 1522 1069 1606 collegas
1084 1526 1189 1591 status
1204 1541 1389 1606 paucorum

113 1638 290 1723 praecipua
311 1638 467 1722 dignitate
489 1639 702 1723 pmeditum'’.

157 1756 183 1848 ξ
205 1758 237 1823 5.
261 1758 354 1843 Vulg.
377 1766 434 1824 τῶν
456 1760 617 1840 τεριτόλων
639 1785 692 1832 τις.
730 1760 922 1826 Pronomine
940 1761 1015 1844 jure
1038 1764 1152 1826 carent
1172 1759 1201 1826 Β
1224 1765 1258 1826 et
1280 1759 1389 1826 Valla.

159 1876 240 1942 Ibid
263 1877 355 1962 Vulg.
381 1883 437 1942 τῶν
459 1879 584 1943 ὃτλντοῖν
607 1879 646 1943 τὸ
668 1886 799 1961 στῖφος
820 1880 922 1944 ταύτὰ
945 1879 1102 1960 ἕβούλετος
1125 1890 1149 1944 Β
1172 1879 1210 1943 τὸ
1237 1881 1388 1957 πλῆθος,

114 1999 200 2084 quod
229 2021 295 2066 non
321 2000 424 2084 probo
454 2021 527 2065 cum
549 2005 656 2080 στῖφος
679 1999 780 2066 multo
803 1998 930 2065 facilius
952 1997 1095 2084 potuerit
1116 1997 1209 2065 abire
1231 1999 1267 2064 in
1290 2020 1389 2066 voca-

113 2118 223 2185 bulum
253 2120 404 2186 usitatius
434 2121 541 2193 πλῆθος
565 2139 665 2202 quam
686 2119 832 2185 invicem.
878 2117 975 2185 Valla
997 2117 1105 2185 locum
1127 2138 1193 2184 nou
1216 2117 1314 2203 plane
1338 2119 1389 2185 in-

113 2237 284 2323 tellegens:
311 2242 424 2316 „etex
447 2236 612 2302 voluntate
634 2237 793 2303 mximas
815 2242 1014 2304 armatorum
1029 2235 1165 2321 partis”.

157 2353 182 2445 ξ
213 2355 243 2421 6.
272 2354 364 2439 Vulg.
393 2354 445 2419 ἕνα
473 2359 530 2419 τῶν
559 2360 734 2434 οτροιτνγὲνν
762 2353 858 2427 ὅστις
890 2352 924 2429 ἦν
954 2356 1035 2436 αὐτῷ
1057 2354 1246 2432 ὁμογνώμων.
1293 2354 1387 2428 Bis.

113 2473 225 2542 Valla:
251 2480 305 2561 „et
327 2479 455 2558 sumpto
478 2493 586 2539 secum
610 2495 673 2539 uno
698 2495 717 2540 e
740 2474 877 2540 ducibus
899 2495 979 2540 suae
1001 2473 1188 2541 voluntatis.

157 2592 182 2684 ξ
206 2595 234 2661 7.
259 2594 352 2678 Vulg:
373 2593 456 2676 ᾤοντο
472 2645 479 2658 .
494 2642 523 2658 ..
540 2644 546 2656 .
562 2595 612 2659 τὸν
626 2593 907 2672 ξονειλνμμένον
921 2594 1053 2659 τεθνάναι
1069 2598 1175 2678 recte3
1191 2593 1239 2660 siu
1254 2614 1387 2679 quoque

114 2712 212 2781 Valla
233 2715 438 2799 participium
460 2711 618 2779 intellexit
640 2712 681 2779 de
701 2714 843 2780 Alexicle
859 2719 972 2798 capto:
992 2734 1150 2798 „eumque
1165 2714 1222 2799 qui
1238 2734 1388 2800 compre-

113 2832 233 2901 hensus
266 2840 368 2914 esset,
401 2838 504 2900 morte
534 2830 684 2900 affectum
716 2855 785 2900 esse
916 2833 1199 2919 suspicabantur”.
1244 2835 1272 2900 B
1301 2833 1389 2902 falso

113 2951 343 3034 ξονενλεγμένον.

158 3074 240 3143 lbid.
271 3075 364 3159 Vulg.
394 3073 600 3157 ἕΦεδρενόντων
629 3073 742 3152 ἔγγὺς
772 3080 828 3138 τῶν
857 3077 1020 3154 τολεμίονς
1052 3073 1158 3140 Birt.
1182 3072 1279 3140 Valla
1303 3073 1390 3140 nihil

114 3192 217 3260 docet

158 3317 179 3397 ξ
204 3312 255 3379 10.
285 3311 404 3379 Omnes
426 3311 501 3377 libri
523 3312 537 3376 ὅ
559 3311 583 3376 δ’
606 3312 799 3393 Ἀρίσταρχος
822 3312 873 3376 uui
896 3313 921 3377 oi
944 3311 1064 3376 ἐναντίον
1086 3311 1132 3392 τῷ
1155 3309 1282 3384 πλήθει
1309 3312 1389 3391 ἐχο-

113 3433 260 3499 steorte.
306 3431 487 3498 Scholiasta
520 3432 640 3498 variam
671 3432 807 3516 praebet
835 3431 1005 3498 lectionem
1036 3431 1083 3510 τῷ
1113 3431 1256 3510 ἀληθεῖ,
1286 3449 1389 3513 qnam

113 3553 250 3623 relatam
272 3572 399 3636 quoque
423 3572 443 3617 a
465 3550 560 3616 Valla
582 3551 740 3618 videmus:
766 3572 822 3638 „re
846 3550 952 3618 vera’'.
995 3548 1176 3629 Haackius,
1200 3549 1388 3634 Krugerus,

114 3671 283 3750 Bohmius,
316 3668 459 3736 Stahlius
489 3668 564 3734 freti
597 3669 710 3736 Vallae
740 3670 931 3736 auctoritate
954 3691 1020 3735 non
1042 3667 1232 3735 dubitarunt
1254 3690 1316 3754 pro
1339 3672 1389 3752 τῷ

113 3794 241 3869 πλήθει
266 3790 426 3876 corrigere
451 3793 488 3874 τῷ
504 3793 615 3867 ἀληθεῖ.
632 3789 866 3857 Herwerdenus
882 3795 1009 3867 autem,
1027 3787 1197 3873 quominus
1211 3787 1390 3855 lectionem

112 3914 147 3980 in
176 3915 299 3979 textum
328 3909 481 3997 recipiat,
513 3910 687 3994 impeditur
717 3909 821 3975 forma
851 3911 892 3990 τῷ
922 3910 1028 3984 ἀληθεῖ
1047 3929 1162 3993 parum
1185 3911 1273 3973 recte
1297 3908 1390 3974 dicta

113 4055 172 4119 pro
206 4043 243 4116 τῇ
277 4031 415 4117 cantelou
450 4035 593 4097 attamen
627 4029 801 4097 tenendum
839 4035 890 4095 est
911 4029 1006 4096 toties
1030 4039 1067 4110 τῇ
1090 4029 1214 4112 ἀληθείᾳ
1235 4028 1270 4094 in
1293 4029 1389 4098 libris

113 4151 232 4219 abiisse
254 4151 288 4216 in
310 4147 509 4236 barbariem,
542 4147 648 4234 qualis
672 4153 721 4215 est
743 4151 783 4230 τῷ
806 4149 923 4226 ἀληθεῖ,
947 4155 983 4214 ut
1006 4169 1113 4216 veram
1136 4147 1264 4214 dicendi
1286 4149 1389 4217 ratio-

113 4291 186 4336 nem
216 4267 387 4354 quominus
415 4269 619 4334 restituamus
644 4266 724 4332 nihil
746 4263 863 4333 obstet.
910 4265 1056 4333 Classem
1080 4266 1205 4352 gratia,
1229 4265 1289 4350 qui
1313 4288 1390 4333 con·

113 4387 217 4454 tendit
247 4390 381 4471 propter
412 4406 438 4450 c.
463 4383 553 4475 9οξ
582 4389 614 4469 l,
646 4383 701 4451 nbi
724 4383 930 4451 Aristarchus
954 4383 1071 4449 dicitur
1093 4385 1163 4465 erip
1187 4387 1216 4450 ἐν
1239 4391 1301 4458 τοῖς
1326 4386 1389 4462 μοί-
