3000 4920
694 301 737 367 29

56 532 192 601 beuter
224 534 387 602 desidero:
424 535 507 617 „Ubi
533 537 602 623 jam
631 537 702 606 loco
732 539 994 624 propinquabant
1026 558 1137 604 versus
1170 535 1346 623 Euryelom

57 655 157 742 (qua
179 662 274 741 parte
296 657 412 723 iterum
435 657 525 743 prior
547 658 705 725 exercitus
728 655 960 741 ascenderat)’'.

123 774 204 842 Ibid.
229 775 319 862 Vulg.
342 775 448 860 ἄνδρας
472 783 528 844 τῶν
551 779 939 864 momentanearum,
963 792 985 845 Β
1008 777 1114 860 ἄνδρας
1139 777 1229 850 τινιίς.
1263 774 1344 843 Jure

56 895 248 963 Classenus
272 898 496 965 animadvertit
519 920 558 966 ex
582 920 642 966 usu
665 899 832 984 scriptoris
855 899 889 964 iu
911 896 1144 978 locutionibus,
1167 894 1273 980 qualis
1297 897 1348 960 est

55 1023 206 1102 nostra,
230 1017 312 1091 τινας
336 1018 448 1085 omitti.
486 1019 566 1086 Gum
589 1019 624 1084 in
646 1018 749 1086 latina
771 1017 899 1103 quidem
922 1017 1032 1104 lingua
1046 1015 1115 1083 fore
1131 1013 1347 1082 necessarium

54 1135 120 1203 sit
143 1134 262 1203 addere
284 1157 478 1222 pronomen,
502 1158 567 1204 non
590 1136 686 1222 plane
710 1137 750 1203 de
773 1135 885 1203 Vallae
909 1135 1072 1219 scriptura
1095 1137 1233 1201 constat.

122 1251 147 1343 ξ
177 1254 207 1322 4.
238 1253 329 1340 Vulg.
361 1255 385 1319 οἱ
416 1255 445 1320 δὲ
472 1257 589 1329 πλείους
613 1256 807 1340 διαφυγόντες
831 1256 913 1328 εὐθὺς
937 1255 1007 1336 πρὸς
1030 1255 1072 1321 τίν
1095 1249 1348 1335 στρατίπεδοι,ο“ι

49 1366 109 1444 ἦν
141 1373 188 1437 ἐπὶ
221 1378 276 1439 τῶν
299 1377 465 1440 Ἐπιπολῶν
491 1377 558 1456 τρία
565 1402 574 1454 ;
599 1377 627 1442 Β
650 1377 737 1442 hisce
760 1374 852 1442 addit
875 1377 905 1440 ἐν
928 1375 1168 1455 προτειχίσμασι.
1214 1371 1347 1438 Minime

50 1507 151 1556 cum
181 1489 335 1559 Classeno
367 1494 487 1579 recipio
512 1494 661 1561 Vaticani
693 1493 966 1572 additamentum,
991 1491 1078 1576 quod
1102 1490 1137 1557 in
1160 1490 1231 1557 aliis
1254 1489 1347 1556 libris

49 1609 197 1688 partim
220 1611 344 1677 uncinis
368 1616 418 1678 est
438 1612 598 1679 inclusum
620 1612 741 1697 partim
765 1610 1027 1696 superscriptum.
1062 1609 1252 1695 interpretis
1269 1630 1348 1676 sane

52 1731 129 1793 est
156 1728 260 1796 verbis
289 1729 338 1794 ἐπὶ
370 1736 425 1795 τῶν
448 1734 613 1797 Ἐπιπολῶν
637 1730 758 1798 addere
780 1732 810 1796 ἐν
834 1729 1092 1814 προτειχίσμασιν,
1116 1728 1206 1794 ouius
1228 1727 1348 1796 emble-

56 1847 175 1913 matis
206 1848 350 1932 spnriam
381 1856 531 1917 naturam
561 1849 670 1935 locus,
701 1870 765 1934 quo
795 1848 924 1935 legitur,
957 1845 1100 1914 denotat.
1146 1844 1227 1913 Orta
1249 1845 1349 1914 verba

59 1961 228 2031 videntur
258 1986 329 2032 esse
360 1965 501 2058 0156.
535 1968 648 2035 Valla:
675 1967 838 2053 „pluribus
861 1966 997 2052 elapsis,
1019 1965 1075 2050 qui
1097 1985 1234 2050 propero
1257 1966 1345 2051 apud

57 2081 171 2150 terna
194 2104 278 2170 quae
299 2085 334 2150 in
358 2085 502 2171 Epipolis
526 2091 620 2153 crant
643 2093 769 2169 castra,
793 2137 821 2154 ..
837 2138 863 2152 ..
885 2084 1064 2154 nuntiant”.

126 2200 148 2292 ξ
170 2204 191 2269 6
215 2203 306 2290 Vulg.
331 2205 360 2269 ἕν
384 2206 462 2271 νυκτὶ
486 2206 589 2290 σφίσι,
612 2219 634 2272 Β
660 2206 762 2291 σφίσιν
785 2209 814 2272 ε’ν
837 2205 928 2274 νυκτί.

127 2441 228 2530 Caput
260 2445 304 2510 44
337 2442 362 2534 ξ
388 2447 413 2510 l.
449 2445 543 2532 Vulg.
574 2447 604 2510 ε’ν
633 2444 663 2509 δὲ
692 2445 899 2533 νυκτομαχίᾳ,
930 2439 947 2521 ἣ
978 2441 1050 2522 μίννι
1082 2442 1116 2519 δὲ
1145 2443 1347 2526 στρατοπέδων

78 2561 221 2638 fiscellos
251 2566 284 2629 ἕν
316 2565 400 2648 τῷδε
431 2569 476 2647 τῷ
506 2566 650 2648 πολέμῳ
679 2566 813 2652 ἐγένετο,
843 2578 865 2631 Β
891 2565 925 2631 ἓν
946 2588 989 2643 γε
1012 2564 1099 2646 τῷδε
1123 2563 1168 2644 τῷ
1192 2565 1347 2647 πολέμῳ.

10 2730 12 2735 .
81 2673 172 2749 Valla
193 2683 388 2768 particulam
411 2685 552 2770 neglexit
574 2707 679 2772 neque
702 2692 810 2755 antem
833 2686 911 2755 alibi
934 2685 1063 2772 saepius
1090 2684 1214 2753 curavit
1221 2710 1231 2764 3
1264 2705 1345 2769 qua·

86 2804 209 2885 propter
242 2822 319 2868 num
347 2801 461 2868 viderit
490 2809 600 2871 nostro
622 2804 695 2872 loco
718 2805 836 2873 nescio.
884 2804 1079 2885 Quaestione
1103 2803 1144 2871 de
1167 2803 1258 2870 varia
1280 2802 1345 2871 lec·

10 2925 12 2935 '
91 2912 164 2985 tione
185 2920 294 3005 posita
317 2920 464 3005 equidem
487 2947 525 3002 ys
549 2924 766 3011 recipiendum
788 2947 860 2993 esse
884 2947 948 2993 non
970 2930 1060 3011 puto.
1095 2923 1182 2991 Satis
1209 2944 1345 3009 parrum

10 3010 28 3135 ἶ,
97 3037 163 3106 omn
184 3049 234 3108 est
257 3041 428 3110 discrimen
450 3044 533 3111 inter
558 3046 751 3114 sententias:
779 3045 833 3133 „iu
855 3051 1016 3113 nocturna
1030 3065 1157 3129 pugna,
1175 3063 1259 3127 quae
1275 3043 1345 3111 sola

97 3151 124 3222 ιἰι
142 3157 195 3228 loc
217 3159 299 3229 bello
320 3160 403 3227 inter
426 3184 560 3248 magnos
584 3165 741 3232 exercitus
764 3170 841 3232 tunc
865 3168 915 3231 est
936 3162 1124 3230 commissa’'
1148 3168 1182 3229 et
1200 3161 1253 3243 „in
1268 3182 1343 3230 noc·

96 3275 171 3345 turno
196 3300 322 3366 pugna,
354 3301 436 3366 quae
460 3282 532 3348 sola
556 3281 615 3350 ίιοο
637 3283 769 3372 quidem
792 3283 830 3352 ι’νν
853 3282 934 3351 bello
955 3282 1041 3348 inter
1063 3302 1198 3366 magnas
1222 3281 1344 3349 exerei-

10 3372 38 3500 ’ἵ
97 3392 134 3460 lus
151 3403 225 3465 tunc
249 3404 300 3466 est
323 3400 522 3470 commissa''.
569 3402 652 3482 Quin
673 3404 756 3482 imo,
781 3403 896 3489 opinor
919 3402 981 3468 vim
1005 3400 1251 3486 restringentem
1268 3421 1344 3486 par·

10 3485 24 3543 ¹'
98 3509 194 3585 tollae
216 3519 339 3604 puerile
361 3520 441 3606 quid
464 3519 584 3588 habere
608 3528 640 3589 et
663 3529 795 3609 propter
817 3526 847 3588 ἐν
870 3521 941 3604 τῷδε
965 3523 1006 3604 τῷ
1026 3520 1145 3602 πολέμῳ
1165 3517 1341 3587 abundare.

127 3635 186 3717 54.
210 3635 304 3721 Vulg.
324 3634 400 3703 οἵτε
420 3640 479 3722 γὰρ
503 3641 671 3722 Συρακίσιοι
690 3643 738 3709 καί
758 3644 783 3708 oi
801 3641 961 3724 ξύμμαχοι
981 3646 1195 3724 κρατοῦντες
1217 3663 1341 3718 παρεκε-

94 3753 205 3844 ίιιίοντο,
239 3769 261 3822 Β
291 3759 332 3831 ὥς
363 3765 588 3839 κρατοῦντες.
635 3762 683 3829 De
713 3764 769 3850 ὡς,
800 3761 888 3848 quod
920 3760 1008 3827 haud
1040 3759 1136 3827 dubie
1167 3759 1341 3826 correctori
1401 3744 1411 3779 ²

20 3842 38 3975 j
93 3869 215 3955 debetur,
247 3897 287 3943 ex
310 3876 404 3945 Valla
433 3879 514 3946 nihil
535 3901 596 3966 pro
621 3886 708 3950 certo
732 3881 839 3948 dicere
861 3878 953 3949 licet:
980 3878 1165 3964 „Siquidem
1188 3882 1221 3945 et
1244 3876 1341 3966 Syra·
1461 3955 1464 3961 ,

10 3992 15 4003 ’
91 3995 185 4061 cusani
207 3995 350 4082 sociique
373 3996 566 4065 vincentes''.

27 4187 35 4207 ⁴
121 4111 198 4181 Ibid.
221 4113 313 4201 Vulg.
343 4119 406 4187 4πὸιν
437 4116 469 4181 τὸ
500 4117 635 4203 ε’νοιντίον,
666 4131 688 4184 Β
719 4108 781 4183 ποῖν
805 4119 837 4185 τί
860 4117 893 4196 ἕξ
916 4118 1066 4197 ἐναντίας,
1091 4117 1275 4185 restitutum
1299 4136 1339 4183 ex

86 4229 211 4301 scholio:
239 4233 288 4299 καί
312 4235 373 4298 πῖιν
395 4233 429 4299 τί
452 4236 587 4320 ἐναντίον,
611 4236 783 4323 γράφεται,
807 4236 858 4304 καὶ
882 4241 943 4302 ποῖν
965 4237 1000 4302 τὸ
1022 4235 1199 4314 ἐξεναντίας.
1223 4234 1332 4303 Valla:

25 4410 27 4418 s
86 4354 341 4439 „etquicunque
364 4351 594 4421 occurrerent'’
