<?xml version="1.0" encoding="UTF-8"?>
<!DOCTYPE html PUBLIC "-//W3C//DTD XHTML 1.0 Transitional//EN"
    "http://www.w3.org/TR/xhtml1/DTD/xhtml1-transitional.dtd">
<html xmlns="http://www.w3.org/1999/xhtml" xml:lang="en" lang="en">
 <head>
  <title>
</title>
<meta http-equiv="Content-Type" content="text/html;charset=utf-8" />
  <meta name='ocr-system' content='tesseract 3.04.00' />
  <meta name='ocr-capabilities' content='ocr_page ocr_carea ocr_par ocr_line ocrx_word'/>
</head>
<body>
  <div class='ocr_page' id='page_1' title='image "./dethucydidisvat01vallgoog_0012.png"; bbox 0 0 3000 4920; ppageno 0'>
   <div class='ocr_carea' id='block_1_1' title="bbox 111 960 1400 1340">
    <p class='ocr_par' dir='ltr' id='par_1_1' title="bbox 111 960 1400 1340">
     <span class='ocr_line' id='line_1_1' title="bbox 163 960 1400 1072; baseline -0.004 -17"><span class='ocrx_word' id='word_1_1' title='bbox 163 960 294 1055; x_wconf 78' lang='lat' dir='ltr'><strong>Studiis</strong></span> <span class='ocrx_word' id='word_1_2' title='bbox 329 988 409 1054; x_wconf 86' lang='lat' dir='ltr'><strong>meis</strong></span> <span class='ocrx_word' id='word_1_3' title='bbox 434 988 504 1072; x_wconf 90' lang='lat' dir='ltr'><strong>jam</strong></span> <span class='ocrx_word' id='word_1_4' title='bbox 530 988 601 1071; x_wconf 91' lang='lat' dir='ltr'><strong>jam</strong></span> <span class='ocrx_word' id='word_1_5' title='bbox 635 985 730 1053; x_wconf 89' lang='lat' dir='ltr'><strong>finem</strong></span> <span class='ocrx_word' id='word_1_6' title='bbox 760 986 952 1072; x_wconf 87' lang='lat' dir='ltr'><strong>impositure</strong></span> <span class='ocrx_word' id='word_1_7' title='bbox 983 986 1061 1051; x_wconf 89' lang='lat' dir='ltr'><strong>mihi</strong></span> <span class='ocrx_word' id='word_1_8' title='bbox 1092 985 1172 1052; x_wconf 88' lang='lat' dir='ltr'><strong>nihil</strong></span> <span class='ocrx_word' id='word_1_9' title='bbox 1203 986 1309 1053; x_wconf 86' lang='lat' dir='ltr'><strong>carius</strong></span> <span class='ocrx_word' id='word_1_10' title='bbox 1339 1005 1400 1051; x_wconf 86' lang='lat' dir='ltr'><strong>nec</strong></span> 
     </span>
     <span class='ocr_line' id='line_1_2' title="bbox 111 1119 1399 1209; baseline -0.004 -19"><span class='ocrx_word' id='word_1_11' title='bbox 111 1123 252 1209; x_wconf 85' lang='lat' dir='ltr'><strong>gratius</strong></span> <span class='ocrx_word' id='word_1_12' title='bbox 282 1129 333 1188; x_wconf 89' lang='lat' dir='ltr'><strong>est</strong></span> <span class='ocrx_word' id='word_1_13' title='bbox 362 1142 459 1205; x_wconf 90' lang='lat' dir='ltr'><strong>quam</strong></span> <span class='ocrx_word' id='word_1_14' title='bbox 489 1127 526 1186; x_wconf 91' lang='lat' dir='ltr'><strong>nt</strong></span> <span class='ocrx_word' id='word_1_15' title='bbox 556 1120 644 1198; x_wconf 89' lang='lat' dir='ltr'>Tibi,</span> <span class='ocrx_word' id='word_1_16' title='bbox 675 1119 860 1186; x_wconf 79' lang='lat' dir='ltr'><strong>Clarissimo</strong></span> <span class='ocrx_word' id='word_1_17' title='bbox 889 1119 1028 1205; x_wconf 78' lang='lat' dir='ltr'><strong>Naana,</strong></span> <span class='ocrx_word' id='word_1_18' title='bbox 1066 1120 1108 1187; x_wconf 95' lang='lat' dir='ltr'><strong>ob</strong></span> <span class='ocrx_word' id='word_1_19' title='bbox 1142 1120 1399 1187; x_wconf 73' lang='lat' dir='ltr'><strong>benevolentiam</strong></span> 
     </span>
     <span class='ocr_line' id='line_1_3' title="bbox 114 1252 1398 1340; baseline -0.002 -17"><span class='ocrx_word' id='word_1_20' title='bbox 114 1264 228 1340; x_wconf 89' lang='lat' dir='ltr'><strong>atque</strong></span> <span class='ocrx_word' id='word_1_21' title='bbox 264 1255 513 1331; x_wconf 80' lang='lat' dir='ltr'><strong>humanitatem,</strong></span> <span class='ocrx_word' id='word_1_22' title='bbox 553 1252 670 1338; x_wconf 84' lang='lat' dir='ltr'><strong>quibus</strong></span> <span class='ocrx_word' id='word_1_23' title='bbox 708 1275 760 1320; x_wconf 90' lang='lat' dir='ltr'><strong>me</strong></span> <span class='ocrx_word' id='word_1_24' title='bbox 798 1274 925 1339; x_wconf 84' lang='lat' dir='ltr'><strong>semper</strong></span> <span class='ocrx_word' id='word_1_25' title='bbox 958 1261 1150 1339; x_wconf 88' lang='lat' dir='ltr'><strong>prosecutus</strong></span> <span class='ocrx_word' id='word_1_26' title='bbox 1183 1275 1238 1332; x_wconf 87' lang='lat' dir='ltr'><strong>es,</strong></span> <span class='ocrx_word' id='word_1_27' title='bbox 1275 1254 1398 1338; x_wconf 82' lang='lat' dir='ltr'><strong>gratias</strong></span> 
     </span>
    </p>
   </div>
   <div class='ocr_carea' id='block_1_2' title="bbox 115 1378 1398 1474">
    <p class='ocr_par' dir='ltr' id='par_1_2' title="bbox 115 1378 1398 1474">
     <span class='ocr_line' id='line_1_4' title="bbox 115 1378 1398 1474; baseline -0.002 -19"><span class='ocrx_word' id='word_1_28' title='bbox 115 1411 228 1474; x_wconf 88' lang='lat' dir='ltr'><strong>qnam</strong></span> <span class='ocrx_word' id='word_1_29' title='bbox 266 1387 424 1454; x_wconf 86' lang='lat' dir='ltr'><strong>maximas</strong></span> <span class='ocrx_word' id='word_1_30' title='bbox 461 1407 565 1472; x_wconf 82' lang='lat' dir='ltr'><strong>agam</strong></span> <span class='ocrx_word' id='word_1_31' title='bbox 610 1378 804 1454; x_wconf 74' lang='lat' dir='ltr'><strong>Persuasum</strong></span> <span class='ocrx_word' id='word_1_32' title='bbox 842 1387 915 1453; x_wconf 87' lang='lat' dir='ltr'>Tibi</span> <span class='ocrx_word' id='word_1_33' title='bbox 952 1387 1046 1453; x_wconf 80' lang='lat' dir='ltr'><strong>uelim</strong></span> <span class='ocrx_word' id='word_1_34' title='bbox 1085 1408 1135 1453; x_wconf 93' lang='lat' dir='ltr'><strong>me</strong></span> <span class='ocrx_word' id='word_1_35' title='bbox 1174 1387 1398 1454; x_wconf 87' lang='lat' dir='ltr'><strong>excellentium</strong></span> 
     </span>
    </p>
   </div>
   <div class='ocr_carea' id='block_1_3' title="bbox 116 1521 1403 3628">
    <p class='ocr_par' dir='ltr' id='par_1_3' title="bbox 116 1521 1401 2147">
     <span class='ocr_line' id='line_1_5' title="bbox 116 1521 1399 1608; baseline -0.001 -20"><span class='ocrx_word' id='word_1_36' title='bbox 116 1524 270 1590; x_wconf 88' lang='lat' dir='ltr'><strong>Tnornm</strong></span> <span class='ocrx_word' id='word_1_37' title='bbox 292 1528 539 1608; x_wconf 84' lang='lat' dir='ltr'><strong>praeceptorum</strong></span> <span class='ocrx_word' id='word_1_38' title='bbox 562 1542 736 1588; x_wconf 89' lang='lat' dir='ltr'><strong>memorem</strong></span> <span class='ocrx_word' id='word_1_39' title='bbox 756 1528 850 1607; x_wconf 80' lang='lat' dir='ltr'><strong>grato</strong></span> <span class='ocrx_word' id='word_1_40' title='bbox 873 1521 981 1587; x_wconf 90' lang='lat' dir='ltr'><strong>auimo</strong></span> <span class='ocrx_word' id='word_1_41' title='bbox 1005 1542 1133 1606; x_wconf 84' lang='lat' dir='ltr'><strong>semper</strong></span> <span class='ocrx_word' id='word_1_42' title='bbox 1153 1521 1399 1588; x_wconf 85' lang='lat' dir='ltr'><strong>recordaturum</strong></span> 
     </span>
     <span class='ocr_line' id='line_1_6' title="bbox 118 1656 1398 1744; baseline -0.002 -19"><span class='ocrx_word' id='word_1_43' title='bbox 118 1680 212 1743; x_wconf 87' lang='lat' dir='ltr'><strong>quae</strong></span> <span class='ocrx_word' id='word_1_44' title='bbox 247 1664 431 1741; x_wconf 85' lang='lat' dir='ltr'><strong>quantaque</strong></span> <span class='ocrx_word' id='word_1_45' title='bbox 464 1657 536 1723; x_wconf 87' lang='lat' dir='ltr'>Tibi</span> <span class='ocrx_word' id='word_1_46' title='bbox 570 1656 717 1723; x_wconf 87' lang='lat' dir='ltr'><strong>debeam.</strong></span> <span class='ocrx_word' id='word_1_47' title='bbox 765 1656 854 1734; x_wconf 83' lang='lat' dir='ltr'><strong>Quae</strong></span> <span class='ocrx_word' id='word_1_48' title='bbox 887 1657 1014 1744; x_wconf 82' lang='lat' dir='ltr'><strong>singula</strong></span> <span class='ocrx_word' id='word_1_49' title='bbox 1043 1656 1097 1722; x_wconf 93' lang='lat' dir='ltr'><strong>bic</strong></span> <span class='ocrx_word' id='word_1_50' title='bbox 1126 1677 1178 1722; x_wconf 90' lang='lat' dir='ltr'><strong>me</strong></span> <span class='ocrx_word' id='word_1_51' title='bbox 1209 1657 1398 1742; x_wconf 85' lang='lat' dir='ltr'><strong>praedicare</strong></span> 
     </span>
     <span class='ocr_line' id='line_1_7' title="bbox 119 1790 1398 1877; baseline -0.001 -19"><span class='ocrx_word' id='word_1_52' title='bbox 119 1813 237 1877; x_wconf 84' lang='lat' dir='ltr'><strong>neque</strong></span> <span class='ocrx_word' id='word_1_53' title='bbox 267 1792 437 1858; x_wconf 86' lang='lat' dir='ltr'><strong>multitudo</strong></span> <span class='ocrx_word' id='word_1_54' title='bbox 464 1792 603 1858; x_wconf 92' lang='lat' dir='ltr'><strong>Tuorum</strong></span> <span class='ocrx_word' id='word_1_55' title='bbox 627 1790 853 1858; x_wconf 88' lang='lat' dir='ltr'><strong>beneficiorum</strong></span> <span class='ocrx_word' id='word_1_56' title='bbox 876 1792 972 1876; x_wconf 88' lang='lat' dir='ltr'><strong>sinit,</strong></span> <span class='ocrx_word' id='word_1_57' title='bbox 1003 1812 1108 1875; x_wconf 88' lang='lat' dir='ltr'><strong>neque</strong></span> <span class='ocrx_word' id='word_1_58' title='bbox 1130 1791 1196 1868; x_wconf 89' lang='lat' dir='ltr'><strong>Tu,</strong></span> <span class='ocrx_word' id='word_1_59' title='bbox 1220 1792 1398 1876; x_wconf 71' lang='lat' dir='ltr'><strong>sinuant,</strong></span> 
     </span>
     <span class='ocr_line' id='line_1_8' title="bbox 121 1925 1401 2013; baseline -0.002 -19"><span class='ocrx_word' id='word_1_60' title='bbox 121 1927 217 1994; x_wconf 81' lang='lat' dir='ltr'><strong>velia</strong></span> <span class='ocrx_word' id='word_1_61' title='bbox 265 1928 309 1993; x_wconf 93' lang='lat' dir='ltr'><strong>Ut</strong></span> <span class='ocrx_word' id='word_1_62' title='bbox 340 1928 411 2012; x_wconf 88' lang='lat' dir='ltr'><strong>pari</strong></span> <span class='ocrx_word' id='word_1_63' title='bbox 438 1928 508 1994; x_wconf 89' lang='lat' dir='ltr'><strong>Tua</strong></span> <span class='ocrx_word' id='word_1_64' title='bbox 530 1928 619 1994; x_wconf 89' lang='lat' dir='ltr'><strong>etin</strong></span> <span class='ocrx_word' id='word_1_65' title='bbox 641 1933 809 2013; x_wconf 87' lang='lat' dir='ltr'><strong>posterum</strong></span> <span class='ocrx_word' id='word_1_66' title='bbox 830 1947 909 2012; x_wconf 85' lang='lat' dir='ltr'><strong>erga</strong></span> <span class='ocrx_word' id='word_1_67' title='bbox 930 1948 982 1992; x_wconf 90' lang='lat' dir='ltr'><strong>me</strong></span> <span class='ocrx_word' id='word_1_68' title='bbox 1005 1926 1228 1993; x_wconf 78' lang='lat' dir='ltr'><strong>benevolentia</strong></span> <span class='ocrx_word' id='word_1_69' title='bbox 1250 1927 1298 1992; x_wconf 91' lang='lat' dir='ltr'><strong>uti</strong></span> <span class='ocrx_word' id='word_1_70' title='bbox 1322 1925 1401 1992; x_wconf 92' lang='lat' dir='ltr'><strong>mihi</strong></span> 
     </span>
     <span class='ocr_line' id='line_1_9' title="bbox 122 2063 726 2147; baseline -0.003 -18"><span class='ocrx_word' id='word_1_71' title='bbox 122 2065 245 2147; x_wconf 89' lang='lat' dir='ltr'><strong>liccat,</strong></span> <span class='ocrx_word' id='word_1_72' title='bbox 277 2063 373 2127; x_wconf 87' lang='lat' dir='ltr'><strong>etiam</strong></span> <span class='ocrx_word' id='word_1_73' title='bbox 397 2066 494 2145; x_wconf 83' lang='lat' dir='ltr'><strong>atque</strong></span> <span class='ocrx_word' id='word_1_74' title='bbox 516 2063 615 2129; x_wconf 91' lang='lat' dir='ltr'><strong>etiam</strong></span> <span class='ocrx_word' id='word_1_75' title='bbox 636 2083 726 2147; x_wconf 81' lang='lat' dir='ltr'><strong>rogo.</strong></span> 
     </span>
    </p>

    <p class='ocr_par' dir='ltr' id='par_1_4' title="bbox 123 2194 1400 2548">
     <span class='ocr_line' id='line_1_10' title="bbox 168 2194 1400 2282; baseline 0.002 -22"><span class='ocrx_word' id='word_1_76' title='bbox 168 2198 216 2261; x_wconf 91' lang='lat' dir='ltr'><strong>Et</strong></span> <span class='ocrx_word' id='word_1_77' title='bbox 239 2195 364 2279; x_wconf 83' lang='lat' dir='ltr'><strong>Vestri,</strong></span> <span class='ocrx_word' id='word_1_78' title='bbox 389 2195 459 2261; x_wconf 91' lang='lat' dir='ltr'><strong>Viri</strong></span> <span class='ocrx_word' id='word_1_79' title='bbox 481 2194 658 2263; x_wconf 78' lang='lat' dir='ltr'><strong>clarnsimi</strong></span> <span class='ocrx_word' id='word_1_80' title='bbox 680 2196 858 2282; x_wconf 66' lang='lat' dir='ltr'><strong>mamm,</strong></span> <span class='ocrx_word' id='word_1_81' title='bbox 874 2196 1039 2261; x_wconf 77' lang='lat' dir='ltr'><strong>Bnnnnnn</strong></span> <span class='ocrx_word' id='word_1_82' title='bbox 1053 2194 1205 2276; x_wconf 80' lang='lat' dir='ltr'><strong>Snnoru,</strong></span> <span class='ocrx_word' id='word_1_83' title='bbox 1221 2196 1400 2282; x_wconf 66' lang='lat' dir='ltr'><strong>viamen,</strong></span> 
     </span>
     <span class='ocr_line' id='line_1_11' title="bbox 123 2326 1400 2415; baseline 0.001 -19"><span class='ocrx_word' id='word_1_84' title='bbox 123 2350 195 2396; x_wconf 74' lang='lat' dir='ltr'><strong>vnn</strong></span> <span class='ocrx_word' id='word_1_85' title='bbox 221 2349 293 2395; x_wconf 82' lang='lat' dir='ltr'><strong>nnn</strong></span> <span class='ocrx_word' id='word_1_86' title='bbox 315 2331 379 2413; x_wconf 84' lang='lat' dir='ltr'><strong>Ea,</strong></span> <span class='ocrx_word' id='word_1_87' title='bbox 402 2350 538 2413; x_wconf 89' lang='lat' dir='ltr'><strong>quornm</strong></span> <span class='ocrx_word' id='word_1_88' title='bbox 560 2331 690 2415; x_wconf 84' lang='lat' dir='ltr'><strong>egregia</strong></span> <span class='ocrx_word' id='word_1_89' title='bbox 712 2330 862 2396; x_wconf 89' lang='lat' dir='ltr'><strong>doctrina</strong></span> <span class='ocrx_word' id='word_1_90' title='bbox 884 2350 1073 2414; x_wconf 90' lang='lat' dir='ltr'><strong>summaque</strong></span> <span class='ocrx_word' id='word_1_91' title='bbox 1095 2326 1297 2397; x_wconf 86' lang='lat' dir='ltr'><strong>humanitate</strong></span> <span class='ocrx_word' id='word_1_92' title='bbox 1321 2353 1400 2397; x_wconf 87' lang='lat' dir='ltr'><strong>usus</strong></span> 
     </span>
     <span class='ocr_line' id='line_1_12' title="bbox 125 2464 820 2548; baseline 0 -18"><span class='ocrx_word' id='word_1_93' title='bbox 125 2486 217 2545; x_wconf 89' lang='lat' dir='ltr'><strong>snm,</strong></span> <span class='ocrx_word' id='word_1_94' title='bbox 239 2471 334 2548; x_wconf 80' lang='lat' dir='ltr'><strong>grato</strong></span> <span class='ocrx_word' id='word_1_95' title='bbox 357 2484 484 2548; x_wconf 84' lang='lat' dir='ltr'><strong>semper</strong></span> <span class='ocrx_word' id='word_1_96' title='bbox 506 2464 613 2529; x_wconf 92' lang='lat' dir='ltr'><strong>animo</strong></span> <span class='ocrx_word' id='word_1_97' title='bbox 635 2464 820 2530; x_wconf 87' lang='lat' dir='ltr'><strong>meminero.</strong></span> 
     </span>
    </p>

    <p class='ocr_par' dir='ltr' id='par_1_5' title="bbox 126 2596 1403 3628">
     <span class='ocr_line' id='line_1_13' title="bbox 169 2596 1401 2684; baseline 0.002 -21"><span class='ocrx_word' id='word_1_98' title='bbox 169 2596 246 2663; x_wconf 92' lang='lat' dir='ltr'>Tibi</span> <span class='ocrx_word' id='word_1_99' title='bbox 271 2618 398 2682; x_wconf 89' lang='lat' dir='ltr'><strong>quoqne</strong></span> <span class='ocrx_word' id='word_1_100' title='bbox 420 2619 461 2664; x_wconf 87' lang='lat' dir='ltr'><strong>ex</strong></span> <span class='ocrx_word' id='word_1_101' title='bbox 481 2599 579 2664; x_wconf 91' lang='lat' dir='ltr'><strong>animi</strong></span> <span class='ocrx_word' id='word_1_102' title='bbox 594 2598 756 2664; x_wconf 88' lang='lat' dir='ltr'><strong>sententia</strong></span> <span class='ocrx_word' id='word_1_103' title='bbox 770 2599 894 2682; x_wconf 82' lang='lat' dir='ltr'><strong>gratias</strong></span> <span class='ocrx_word' id='word_1_104' title='bbox 910 2618 971 2684; x_wconf 86' lang='lat' dir='ltr'><strong>ago</strong></span> <span class='ocrx_word' id='word_1_105' title='bbox 986 2599 1035 2664; x_wconf 83' lang='lat' dir='ltr'><strong>vir</strong></span> <span class='ocrx_word' id='word_1_106' title='bbox 1049 2598 1234 2665; x_wconf 86' lang='lat' dir='ltr'><strong>doctissime</strong></span> <span class='ocrx_word' id='word_1_107' title='bbox 1249 2598 1287 2665; x_wconf 86' lang='lat' dir='ltr'><strong>L.</strong></span> <span class='ocrx_word' id='word_1_108' title='bbox 1304 2599 1337 2666; x_wconf 80' lang='lat' dir='ltr'><strong>J.</strong></span> <span class='ocrx_word' id='word_1_109' title='bbox 1351 2599 1401 2666; x_wconf 88' lang='lat' dir='ltr'><strong>W.</strong></span> 
     </span>
     <span class='ocr_line' id='line_1_14' title="bbox 127 2730 1401 2817; baseline 0.002 -19"><span class='ocrx_word' id='word_1_110' title='bbox 127 2732 233 2817; x_wconf 70' lang='lat' dir='ltr'><strong>Sanc,</strong></span> <span class='ocrx_word' id='word_1_111' title='bbox 249 2730 415 2817; x_wconf 82' lang='lat' dir='ltr'><strong>Gymnasii</strong></span> <span class='ocrx_word' id='word_1_112' title='bbox 427 2731 662 2799; x_wconf 85' lang='lat' dir='ltr'><strong>Silvaducensis</strong></span> <span class='ocrx_word' id='word_1_113' title='bbox 672 2738 779 2799; x_wconf 84' lang='lat' dir='ltr'><strong>rector</strong></span> <span class='ocrx_word' id='word_1_114' title='bbox 789 2733 1068 2817; x_wconf 86' lang='lat' dir='ltr'><strong>aestumatissime‚</strong></span> <span class='ocrx_word' id='word_1_115' title='bbox 1082 2733 1172 2800; x_wconf 93' lang='lat' dir='ltr'><strong>cuius</strong></span> <span class='ocrx_word' id='word_1_116' title='bbox 1183 2740 1292 2800; x_wconf 87' lang='lat' dir='ltr'><strong>utrum</strong></span> <span class='ocrx_word' id='word_1_117' title='bbox 1302 2734 1401 2802; x_wconf 90' lang='lat' dir='ltr'><strong>bene-</strong></span> 
     </span>
     <span class='ocr_line' id='line_1_15' title="bbox 127 2866 1398 2954; baseline 0.002 -21"><span class='ocrx_word' id='word_1_118' title='bbox 127 2867 304 2934; x_wconf 80' lang='lat' dir='ltr'><strong>volentiam</strong></span> <span class='ocrx_word' id='word_1_119' title='bbox 325 2866 428 2952; x_wconf 89' lang='lat' dir='ltr'><strong>pluris</strong></span> <span class='ocrx_word' id='word_1_120' title='bbox 450 2867 568 2934; x_wconf 76' lang='lat' dir='ltr'><strong>faciam</strong></span> <span class='ocrx_word' id='word_1_121' title='bbox 591 2869 699 2934; x_wconf 70' lang='lat' dir='ltr'><strong>nesuo</strong></span> <span class='ocrx_word' id='word_1_122' title='bbox 722 2889 765 2933; x_wconf 87' lang='lat' dir='ltr'><strong>au</strong></span> <span class='ocrx_word' id='word_1_123' title='bbox 787 2866 1017 2948; x_wconf 88' lang='lat' dir='ltr'><strong>eruditionem,</strong></span> <span class='ocrx_word' id='word_1_124' title='bbox 1032 2868 1166 2954; x_wconf 89' lang='lat' dir='ltr'><strong>cuique,</strong></span> <span class='ocrx_word' id='word_1_125' title='bbox 1190 2875 1227 2934; x_wconf 94' lang='lat' dir='ltr'><strong>ut</strong></span> <span class='ocrx_word' id='word_1_126' title='bbox 1240 2868 1398 2936; x_wconf 88' lang='lat' dir='ltr'><strong>librorum</strong></span> 
     </span>
     <span class='ocr_line' id='line_1_16' title="bbox 126 3001 1400 3088; baseline 0.002 -21"><span class='ocrx_word' id='word_1_127' title='bbox 126 3003 272 3069; x_wconf 87' lang='lat' dir='ltr'><strong>Tnornm</strong></span> <span class='ocrx_word' id='word_1_128' title='bbox 309 3001 481 3087; x_wconf 79' lang='lat' dir='ltr'><strong>singularis</strong></span> <span class='ocrx_word' id='word_1_129' title='bbox 518 3002 614 3087; x_wconf 90' lang='lat' dir='ltr'><strong>pretii</strong></span> <span class='ocrx_word' id='word_1_130' title='bbox 648 3003 932 3087; x_wconf 82' lang='lat' dir='ltr'><strong>praestantiaeque</strong></span> <span class='ocrx_word' id='word_1_131' title='bbox 965 3003 1092 3088; x_wconf 89' lang='lat' dir='ltr'><strong>copiam</strong></span> <span class='ocrx_word' id='word_1_132' title='bbox 1129 3004 1273 3088; x_wconf 89' lang='lat' dir='ltr'><strong>quotidie</strong></span> <span class='ocrx_word' id='word_1_133' title='bbox 1308 3004 1400 3071; x_wconf 83' lang='lat' dir='ltr'><strong>adire</strong></span> 
     </span>
     <span class='ocr_line' id='line_1_17' title="bbox 127 3135 1402 3223; baseline 0.001 -20"><span class='ocrx_word' id='word_1_134' title='bbox 127 3137 209 3203; x_wconf 92' lang='lat' dir='ltr'><strong>mihi</strong></span> <span class='ocrx_word' id='word_1_135' title='bbox 238 3135 367 3213; x_wconf 89' lang='lat' dir='ltr'><strong>liceret,</strong></span> <span class='ocrx_word' id='word_1_136' title='bbox 399 3136 511 3202; x_wconf 87' lang='lat' dir='ltr'><strong>debeo.</strong></span> <span class='ocrx_word' id='word_1_137' title='bbox 556 3136 683 3202; x_wconf 90' lang='lat' dir='ltr'><strong>Fierine</strong></span> <span class='ocrx_word' id='word_1_138' title='bbox 712 3143 836 3220; x_wconf 81' lang='lat' dir='ltr'><strong>potest,</strong></span> <span class='ocrx_word' id='word_1_139' title='bbox 869 3137 1055 3204; x_wconf 85' lang='lat' dir='ltr'><strong>doctissime</strong></span> <span class='ocrx_word' id='word_1_140' title='bbox 1089 3136 1249 3223; x_wconf 79' lang='lat' dir='ltr'><strong>Sncmo,</strong></span> <span class='ocrx_word' id='word_1_141' title='bbox 1282 3146 1320 3205; x_wconf 93' lang='lat' dir='ltr'><strong>ut</strong></span> <span class='ocrx_word' id='word_1_142' title='bbox 1342 3139 1402 3204; x_wconf 89' lang='lat' dir='ltr'><strong>Tui</strong></span> 
     </span>
     <span class='ocr_line' id='line_1_18' title="bbox 126 3271 1403 3358; baseline 0.002 -21"><span class='ocrx_word' id='word_1_143' title='bbox 126 3272 251 3358; x_wconf 85' lang='lat' dir='ltr'><strong>ingenii</strong></span> <span class='ocrx_word' id='word_1_144' title='bbox 281 3271 437 3338; x_wconf 85' lang='lat' dir='ltr'><strong>acuminis</strong></span> <span class='ocrx_word' id='word_1_145' title='bbox 467 3272 635 3338; x_wconf 92' lang='lat' dir='ltr'><strong>immemor</strong></span> <span class='ocrx_word' id='word_1_146' title='bbox 664 3293 808 3356; x_wconf 87' lang='lat' dir='ltr'><strong>nuquam</strong></span> <span class='ocrx_word' id='word_1_147' title='bbox 837 3271 966 3339; x_wconf 83' lang='lat' dir='ltr'><strong>futurus</strong></span> <span class='ocrx_word' id='word_1_148' title='bbox 988 3273 1071 3338; x_wconf 83' lang='lat' dir='ltr'><strong>sim?</strong></span> <span class='ocrx_word' id='word_1_149' title='bbox 1107 3272 1308 3357; x_wconf 83' lang='lat' dir='ltr'><strong>Quamquam</strong></span> <span class='ocrx_word' id='word_1_150' title='bbox 1330 3273 1403 3339; x_wconf 92' lang='lat' dir='ltr'><strong>ulti-</strong></span> 
     </span>
     <span class='ocr_line' id='line_1_19' title="bbox 127 3405 1403 3492; baseline 0.001 -19"><span class='ocrx_word' id='word_1_151' title='bbox 127 3428 217 3473; x_wconf 91' lang='lat' dir='ltr'><strong>mum</strong></span> <span class='ocrx_word' id='word_1_152' title='bbox 241 3405 303 3485; x_wconf 89' lang='lat' dir='ltr'><strong>Te,</strong></span> <span class='ocrx_word' id='word_1_153' title='bbox 327 3405 493 3471; x_wconf 88' lang='lat' dir='ltr'><strong>carissime</strong></span> <span class='ocrx_word' id='word_1_154' title='bbox 515 3405 636 3484; x_wconf 82' lang='lat' dir='ltr'><strong>frater,</strong></span> <span class='ocrx_word' id='word_1_155' title='bbox 663 3405 837 3491; x_wconf 93' lang='lat' dir='ltr'><strong>compello,</strong></span> <span class='ocrx_word' id='word_1_156' title='bbox 860 3407 931 3492; x_wconf 89' lang='lat' dir='ltr'><strong>ipso</strong></span> <span class='ocrx_word' id='word_1_157' title='bbox 954 3409 1073 3492; x_wconf 89' lang='lat' dir='ltr'><strong>optime</strong></span> <span class='ocrx_word' id='word_1_158' title='bbox 1096 3409 1209 3492; x_wconf 90' lang='lat' dir='ltr'><strong>quanti</strong></span> <span class='ocrx_word' id='word_1_159' title='bbox 1224 3408 1269 3473; x_wconf 92' lang='lat' dir='ltr'><strong>Te</strong></span> <span class='ocrx_word' id='word_1_160' title='bbox 1284 3408 1403 3474; x_wconf 85' lang='lat' dir='ltr'><strong>faciam</strong></span> 
     </span>
     <span class='ocr_line' id='line_1_20' title="bbox 127 3539 1248 3628; baseline -0.001 -19"><span class='ocrx_word' id='word_1_161' title='bbox 127 3542 232 3609; x_wconf 90' lang='lat' dir='ltr'><strong>nosti:</strong></span> <span class='ocrx_word' id='word_1_162' title='bbox 258 3541 372 3627; x_wconf 83' lang='lat' dir='ltr'><strong>accipe</strong></span> <span class='ocrx_word' id='word_1_163' title='bbox 393 3539 455 3606; x_wconf 93' lang='lat' dir='ltr'><strong>hoc</strong></span> <span class='ocrx_word' id='word_1_164' title='bbox 476 3540 641 3627; x_wconf 91' lang='lat' dir='ltr'><strong>publicum</strong></span> <span class='ocrx_word' id='word_1_165' title='bbox 664 3562 771 3608; x_wconf 91' lang='lat' dir='ltr'><strong>meum</strong></span> <span class='ocrx_word' id='word_1_166' title='bbox 793 3541 879 3628; x_wconf 85' lang='lat' dir='ltr'><strong>grati</strong></span> <span class='ocrx_word' id='word_1_167' title='bbox 901 3542 1000 3608; x_wconf 91' lang='lat' dir='ltr'><strong>animi</strong></span> <span class='ocrx_word' id='word_1_168' title='bbox 1021 3542 1248 3610; x_wconf 81' lang='lat' dir='ltr'><strong>testimonium.</strong></span> 
     </span>
    </p>
   </div>
   <div class='ocr_carea' id='block_1_4' title="bbox 0 0 1523 4920">
    <p class='ocr_par' dir='ltr' id='par_1_6' title="bbox 0 0 1523 4920">
     <span class='ocr_line' id='line_1_21' title="bbox 0 0 1523 4920; baseline 0 0"><span class='ocrx_word' id='word_1_169' title='bbox 0 0 1523 4920; x_wconf 95' lang='lat' dir='ltr'><strong> </strong></span> 
     </span>
    </p>
   </div>
  </div>
 </body>
</html>
