3000 4920
737 282 782 349 24

121 514 330 601 initiabitur,
364 543 434 588 cum
467 520 565 589 verba
595 522 643 587 τὸν
676 522 764 587 αὐτὸν
793 522 896 603 τρόπον
929 543 995 589 non
1025 525 1067 590 ad
1091 525 1236 610 proxime
1261 546 1399 612 praeee-

122 641 250 730 dentia,
274 664 383 709 verum
406 643 448 709 ad
473 664 529 721 ea,
554 664 637 727 quae
653 663 680 708 o.
701 642 742 708 37
760 642 904 709 samarit
919 643 1075 730 scriptor,
1093 649 1239 728 spectent
1252 645 1396 732 ideoque

122 758 201 833 addes
236 759 373 829 fortasse
409 761 506 846 paulo
540 759 715 846 simplicius
748 760 790 827 sit
830 759 959 827 dictum.
1006 761 1157 829 Attamen
1193 763 1274 830 nihil
1312 784 1397 851 nego

122 880 277 947 audaciae
306 878 377 946 fore
407 880 457 945 κοοὶ
489 879 582 964 τρῴτν
611 880 645 944 in
668 885 792 946 textum
815 879 958 964 recipere
981 880 1129 947 omnibus
1152 880 1245 947 libris
1269 884 1396 968 graecm

120 999 236 1068 invitis.
283 1002 398 1086 Itaque
431 1001 511 1068 nihil
541 999 676 1068 definio:
705 1000 849 1067 cumaei
875 998 986 1086 πρῴην,
1008 1005 1077 1066 tum
1101 997 1179 1075 οοῦθος
1202 1001 1397 1088 intorpreta-

120 1126 264 1188 mentum
287 1141 357 1188 csse
380 1125 488 1207 potest
508 1119 677 1187 verborum
703 1120 750 1186 τὸυ
774 1120 861 1186 adsto
885 1121 1002 1202 τρόπον.
1041 1120 1106 1188 Gur
1122 1128 1229 1191 autem
1247 1123 1292 1190 ad
1307 1122 1394 1191 hano

119 1241 241 1308 variam
271 1239 440 1307 lectionem
472 1237 613 1306 animum
642 1238 849 1325 advenerim,
874 1237 957 1306 haec
980 1238 1179 1320 fuit'causa‚
1203 1246 1240 1307 ut
1263 1241 1394 1309 Vallam

119 1360 241 1427 nullum
275 1379 401 1440 eorum,
437 1358 493 1444 qui
528 1358 570 1425 ad
605 1379 663 1425 nos
693 1362 924 1443 pervenerunt,
957 1356 1111 1425 librorum
1129 1363 1289 1426 secutum
1322 1382 1394 1429 esse

119 1485 299 1565 appareret.

162 1595 187 1688 ξ
217 1599 248 1667 2.
284 1596 376 1682 vulg.
408 1602 442 1663 et
471 1610 493 1663 Β
525 1596 589 1676 πρὶν
612 1595 646 1669 oo
670 1594 810 1677 Ἀρίστων
934 1593 1050 1678 ἄριστος
1073 1597 1109 1662 ὢν
1133 1597 1311 1677 κυβερνήτης
1337 1603 1393 1664 τῶν

117 1718 198 1796 μετὰ
233 1714 414 1797 Συρακοσίων
449 1715 537 1782 πείθεο
568 1715 648 1786 τοὺς
679 1714 874 1798 σφετέρους
904 1720 964 1780 τοῦ
995 1721 1164 1782 νοουτνκοῦ
1194 1716 1392 1799 σὀρχουτοος.

118 1836 233 1902 Merito
265 1834 439 1902 Classenus
472 1835 623 1920 opinatur
653 1835 687 1900 in
716 1855 792 1901 voce
815 1834 972 1916 σφετέρους
995 1835 1144 1902 mendam
1167 1837 1290 1903 inesset
1321 1837 1392 1919 „Im

116 1953 299 2040 folgendem
330 1954 407 2020 aber
440 1953 516 2020 sehe
546 1953 599 2021 ich
630 1953 683 2020 fiir
704 1955 860 2036 σφετέρους
883 1953 978 2020 keine
1001 1954 1161 2039 passende
1184 1953 1390 2041 Beziehung:

117 2071 301 2158 unmdglich
323 2071 410 2139 kann
432 2093 467 2140 es
491 2072 574 2140 doch
596 2093 655 2140 von
680 2072 741 2138 den
756 2071 941 2139 Aniiihrern
958 2071 1016 2138 der
1031 2071 1251 2139 korintischen
1267 2071 1389 2140 Schiffe

118 2187 312 2260 uerstanden
336 2192 471 2260 werden.
496 2193 607 2282 (Diese
630 2184 774 2260 kdnnte'n
796 2191 958 2261 allenialls
981 2194 1047 2264 τοὺς
1063 2198 1114 2258 τοῦ
1129 2191 1271 2276 σφετέρου
1286 2217 1390 2261 νουσι-

114 2319 165 2379 κοῦ
189 2309 337 2393 ἄρχοντος
361 2318 505 2397 genennt
528 2309 646 2401 sein)”.
682 2312 843 2397 Imprimis
867 2332 950 2395 quae
973 2311 1097 2378 uncinis
1120 2311 1246 2378 inclusa
1261 2313 1390 2380 rettulit

113 2430 213 2500 verba
244 2433 390 2517 proxime
420 2432 547 2499 veritati
578 2432 731 2499 accedere
754 2438 851 2517 puto,
880 2430 944 2497 nisi
965 2429 1049 2498 forte
1072 2436 1219 2516 praestat
1241 2439 1388 2510 servato,

114 2574 178 2638 quo
209 2555 390 2640 pronomini
422 2554 583 2639 emphasis
614 2553 771 2639 addatur,
802 2553 971 2621 verborum
1003 2553 1131 2620 ordine:
1154 2553 1221 2626 τοὺς
1245 2555 1391 2637 σφετέρου

113 2680 164 2740 τοῦ
188 2681 321 2741 νοουτοκοῦ
347 2672 507 2757 ἄρχοντος.
553 2674 636 2740 Audi
661 2674 788 2741 Vallum
811 2674 1095 2758 interpretantem:
1115 2673 1252 2760 „suadet
1264 2673 1391 2762 primis

114 2816 191 2862 suae
224 2794 338 2863 classis
372 2792 538 2862 ducibus'’.
585 2792 677 2872 Quod
708 2798 815 2860 tamen
846 2792 1017 2859 Classenus
1048 2793 1169 2879 pergit:
1204 2792 1276 2872 „ich
1299 2793 1391 2862 halte

113 2935 148 2981 es
184 2913 237 2980 fiir
272 2911 504 2998 eingeschoben
538 2911 616 2978 oder
648 2908 886 2992 verschrieben,
920 2908 1061 2978 viellioht
1091 2931 1150 2977 aus
1182 2910 1312 2999 ἐτέρους,
1345 2913 1391 2979 da

113 3032 243 3099 Ariston
267 3030 352 3098 doch
375 3030 459 3098 wohl
481 3030 565 3097 auch
588 3030 682 3097 einen
705 3028 818 3095 Befehl
841 3026 981 3110 fiihrts'',
1004 3029 1066 3096 hac
1089 3029 1123 3095 in
1145 3050 1181 3097 re
1205 3050 1278 3096 cum
1302 3028 1388 3098 Her-

112 3150 258 3218 werdcuo
290 3150 386 3218 aliter
418 3150 530 3217 sentio.
577 3148 742 3228 Quomodo
774 3147 858 3214 enim
881 3168 902 3214 a
924 3148 1108 3234 Thucydide
1132 3148 1264 3216 Ariston
1286 3149 1385 3216 modo

111 3268 226 3351 ἄριστος
261 3268 297 3335 ὢν
327 3269 504 3350 κυβερνήτης
537 3267 721 3353 appellatus
752 3271 853 3347 esset,
885 3266 912 3333 si
934 3267 1018 3334 idem
1042 3266 1140 3334 etiam
1163 3268 1248 3335 inter
1270 3268 1387 3337 classis

116 3388 215 3455 duces
238 3387 401 3454 numerari
423 3384 577 3453 deberet?
656 3433 658 3437 ψ

156 3507 238 3575 Ibid.
272 3506 367 3591 Vulg.
400 3507 482 3588 rapit
514 3508 566 3579 τὴν
599 3503 754 3571 deitassui
777 3513 966 3583 μετσστῆσοοο
990 3505 1184 3584 κομίσαντος,
1209 3517 1231 3570 Β
1255 3529 1390 3581 aeraru-

111 3627 282 3703 στῆσοοντοος
315 3624 362 3690 ἐπὶ
386 3627 439 3698 τῖον
464 3625 619 3690 deterrear
642 3625 770 3704 κομίσονο.
817 3625 927 3693 Lectio
950 3626 1011 3693 etsi
1034 3646 1099 3692 non
1121 3605 1219 3712 plane
1241 3632 1390 3715 constat,

111 3747 205 3813 modo
237 3745 378 3832 corrigas
408 3746 670 3826 μεταστήσοντος,
703 3743 881 3813 Vaticanus
914 3745 1060 3832 vulgatae
1083 3750 1239 3831 praestat.
1294 3746 1393 3815 Valla

112 3866 291 3933 contortius
314 3864 409 3933 vertit
431 3885 528 3950 quam
551 3869 588 3931 ut
611 3885 651 3932 ex
674 3885 711 3933 eo
736 3865 814 3950 quid
835 3863 1005 3932 lucremur.

156 3986 236 4053 Ibid.
259 3983 351 4070 Vulg.
374 3989 460 4052 recte
483 3984 788 4067 σὶρνστοτοοῆσοντοοο,
811 3982 897 4050 BEG
919 3984 1211 4067 νὶριστοσνήσυντοον.

156 4220 261 4307 Caput
283 4221 328 4287 40
361 4217 385 4310 ξ
409 4220 440 4286 3.
464 4218 555 4306 Vulg.
577 4218 683 4301 μόνος,
706 4233 728 4286 Β
748 4219 834 4298 μόλις
857 4219 950 4286 unice
972 4241 1090 4289 vorum.

157 4339 181 4435 ᾖ
204 4342 234 4410 5.
268 4339 361 4428 Vulg.
391 4341 415 4408 oi
438 4340 466 4407 δὲ
491 4340 658 4419 Συροοκδσοοο
682 4339 830 4422 δεξάμενον
854 4338 1027 4419 ἠμύνοντο
1051 4341 1101 4408 κυνὶ
1124 4348 1206 4414 τοῖς
1231 4368 1265 4411 σε
1289 4312 1406 4421 νοουσὶν,κ
