3000 4920
1485 144 1496 321 l

194 538 255 610 etsi
287 561 406 628 graeca
438 562 504 609 non
537 545 689 609 accurate
721 541 858 610 reddens
891 546 1000 610 tamen
1032 540 1212 608 sevidisse
1241 539 1372 614 πλείονες
1401 556 1461 610 noe
1491 596 1496 641 ε

194 662 303 729 docet:
340 662 422 742 „iste
455 679 566 728 omues
598 660 780 727 interventu
815 679 873 728 euo
902 660 1075 746 plerosque
1105 658 1285 728 Samiorum
1316 661 1460 747 periculo

193 778 408 860 exemeruut',
453 779 481 845 B
505 779 642 853 ποιέοντα
666 799 764 847 seusu
786 799 930 846 vacnum

239 1017 346 1104 Caput
361 1018 404 1083 74
424 1015 450 1107 ξ
473 1017 503 1084 3.
526 1016 619 1102 Vulg.
642 1015 690 1081 ἐπὶ
706 1015 740 1082 τὸ
754 1015 852 1097 μεῖζον
866 1015 969 1083 πάντα
984 1015 1117 1091 teroem
1132 1017 1174 1083 rol
1184 1017 1217 1084 εἰι
1229 1022 1284 1082 τῶν
1297 1019 1458 1094 Ἀθηνῶν.

192 1135 306 1205 Gentis
337 1135 466 1205 nomini.
488 1134 661 1214 Ἀθηναίων,
693 1135 779 1220 quod
809 1134 909 1202 refert
938 1135 980 1221 B,
1011 1135 1101 1203 locus
1133 1141 1183 1204 est
1204 1136 1320 1203 nullus.
1366 1136 1460 1204 Valla

192 1261 295 1323 recte:
315 1275 419 1340 „quae
433 1254 550 1321 fierent
564 1254 715 1332 Athenis,
734 1254 842 1322 omnia
856 1254 890 1320 in
906 1255 1009 1341 majus
1021 1254 1052 1321 ri
1064 1254 1218 1322 orationis
1233 1255 1460 1341 exasperans”.

235 1373 308 1442 Ibid
337 1373 429 1459 Vulg.
458 1374 508 1440 xci
537 1374 634 1440 ὁπόσοι
664 1399 706 1440 τε
736 1375 765 1439 ἕν
797 1372 893 1456 Σαροιρ
917 1373 1137 1454 στρατεύονται.
1170 1374 1310 1441 Bsolus
1343 1374 1462 1442 omittit

190 1519 242 1572 τε,
273 1493 361 1579 quod
387 1513 451 1560 non
474 1513 538 1577 quo
560 1493 713 1579 respiciat
735 1491 848 1578 habet,
873 1513 977 1578 neque
999 1492 1033 1559 in
1055 1493 1169 1560 Vadas
1191 1493 1460 1579 interpretatione

191 1617 313 1679 exetatz
339 1611 488 1692 „caedem
511 1630 640 1696 quoque
663 1610 816 1678 statuisse
839 1610 980 1678 omnium
1004 1611 1060 1695 qui
1082 1609 1117 1676 iu
1136 1608 1232 1678 Samo
1248 1610 1459 1679 militarent'.

235 1730 316 1797 Ibid.
338 1730 428 1816 Vulg.
451 1728 551 1811 εἴρξειν
573 1736 679 1810 reete,
702 1730 729 1795 B
751 1727 850 1810 ἕρξοιν.

235 1969 343 2053 Caput
366 1966 409 2033 75
432 1972 452 2050 ξ
478 1968 507 2033 1.
539 1966 634 2052 Vulg.
665 1967 690 2032 oi
719 1967 745 2031 δ’
765 1966 986 2039 ἀκούσαντες
1017 1965 1065 2032 ἐπὶ
1097 1966 1164 2040 τοὺς
1194 1968 1247 2043 τήν
1277 1967 1460 2049 ὀλιγαρχίαν

190 2086 328 2178 μάλιστα
352 2087 531 2162 ποιήσαντας
554 2084 604 2150 καὶ
628 2084 687 2150 ἐπὶ
710 2089 766 2150 τῶν
789 2083 890 2150 ἄλλοιν
911 2085 977 2157 τοὺς
999 2085 1214 2167 μετασχόντας
1229 2085 1263 2150 τὸ
1278 2085 1334 2162 μὲν
1349 2091 1460 2166 πρῶτον

191 2204 326 2287 ὥρμησαι
355 2203 492 2280 βάλλειν.
539 2199 610 2280 Qua
640 2201 681 2268 ab
711 2202 847 2271 lectione
877 2203 904 2268 B
927 2204 977 2271 bie
1003 2203 1144 2289 recedit,
1175 2205 1262 2273 eolus
1285 2227 1345 2290 pro
1368 2206 1459 2272 οἱκού-

192 2350 299 2398 σαιτες
323 2322 482 2409 praebens
504 2320 712 2401 ἀκούοντες,
735 2341 872 2406 cumque
893 2320 985 2388 libris
1010 2321 1139 2406 optimis
1155 2322 1207 2388 ἔτι
1222 2344 1282 2408 pro
1297 2323 1358 2389 ἐπι.
1384 2323 1460 2390 Vul-

191 2450 289 2530 gatae
319 2441 523 2527 participium
554 2460 613 2525 per
642 2460 677 2506 se
708 2441 826 2525 optime
857 2444 907 2506 eet
929 2438 1113 2528 ferendum,
1138 2445 1282 2509 attamen
1304 2443 1458 2516 ἀκούοντες

190 2563 307 2629 alacris
340 2559 493 2629 orationis
520 2558 658 2626 colorem
682 2557 857 2645 amplificat
879 2557 1020 2644 alibique
1044 2580 1065 2626 a
1088 2560 1245 2645 scriptore
1268 2560 1348 2628 locis
1372 2561 1459 2628 simi·

190 2680 276 2748 libus
306 2686 356 2747 est
385 2682 575 2763 usurpatum
607 2676 647 2745 ci.
681 2679 719 2764 1,
744 2678 804 2755 64,
829 2679 859 2743 2.
890 2678 928 2758 6,
953 2679 991 2759 6,
1015 2678 1046 2744 3.
1070 2680 1109 2759 8,
1132 2679 1194 2765 83,
1220 2681 1248 2745 1.
1291 2679 1331 2745 ln
1353 2679 1459 2748 altera

190 2800 327 2867 lectione
358 2798 463 2876 varia,
495 2797 557 2882 ἔτι,
591 2817 651 2881 pro
682 2796 804 2881 optimo
834 2795 917 2863 libro
948 2796 1120 2864 decernere
1151 2818 1245 2864 nemo
1276 2797 1439 2867 dubitabit
1446 2793 1468 2878 ;¹

192 2919 312 2985 iterata
342 2917 425 2983 enim
449 2914 687 3000 praepositione
710 2914 838 2981 omnino
862 2934 942 2998 opus
964 2934 1029 2981 non
1052 2919 1102 2982 est
1124 2918 1157 2981 et
1178 2914 1289 3000 pulcre
1312 2936 1391 2983 voce
1415 2917 1455 2983 ἔτι

191 3032 331 3103 ostendit
360 3031 569 3117 Thyridides,
600 3053 715 3117 parum
746 3031 881 3118 afuisse,
915 3032 994 3116 quin
1016 3052 1080 3099 uon
1104 3030 1207 3098 eolum
1229 3054 1338 3099 rerum
1360 3056 1454 3103 nova·

191 3175 262 3219 rum
286 3157 448 3236 auctores,
472 3151 529 3217 sed
552 3151 649 3217 etiam
670 3151 725 3236 qui
740 3150 979 3237 conjurationes
995 3149 1169 3236 participes
1185 3148 1339 3237 fuissent,
1354 3159 1455 3220 morte

189 3275 298 3337 essent
319 3267 445 3334 multati
468 3289 488 3334 a
510 3268 612 3353 plebe.
658 3268 808 3335 Vaticani
830 3268 988 3336 autoritas
1009 3266 1141 3334 fulcitur
1164 3267 1317 3336 avalla:
1339 3245 1455 3356 ,quae

190 3386 397 3454 audientes
419 3406 485 3451 non
508 3386 602 3453 modo
625 3405 680 3452 eos
705 3386 760 3471 qui
782 3391 904 3452 statum
927 3404 1103 3470 paucorum
1120 3385 1382 3470 introduxerant,
1400 3389 1455 3458 sed

189 3493 304 3572 etiam
326 3525 397 3583 eos,
422 3504 478 3589 qui
500 3503 673 3590 participes
696 3504 826 3571 fueraut
847 3508 1031 3571 statuerunt
1052 3525 1073 3570 a
1094 3503 1253 3590 principio
1276 3506 1456 3575 occidere’'.

233 3623 258 3715 ξ
289 3626 319 3689 2.
358 3623 450 3708 Vulg.
484 3619 557 3689 οὗτοι
587 3625 647 3703 γὰρ
680 3622 847 3701 μάλιστα
880 3623 1147 3702 προεστήκεσαν
1180 3631 1233 3698 τῆς
1269 3627 1455 3704 μεταβολῆς,

189 3744 295 3810 Minus
324 3741 504 3810 verisimilis
533 3742 568 3808 in
590 3742 617 3807 B
641 3743 808 3811 verborum
832 3742 928 3810 ordo:
965 3743 1244 3823 προεστήκεσαν
1274 3746 1455 3820 μάλιστα.

188 3860 297 3928 Valla:
332 3861 406 3942 „isti
436 3860 520 3927 enim
543 3861 709 3946 praecipui
732 3861 884 3928 authores
906 3861 1096 3927 exstiterant
1120 3865 1224 3928 statue
1246 3860 1455 3940 innovandi't

232 3978 313 4045 Ibid.
348 3977 443 4063 Vulg.
480 3973 498 4053 ή
524 3980 583 4058 μήν
605 3977 886 4060 δήμοιορατήσεσθαι.
931 3978 1050 4045 Forma
1073 3977 1198 4059 media,
1220 3999 1318 4063 quam
1343 3983 1456 4051 laudat

95 4089 97 4093 ’
188 4094 377 4175 scholiasta,
412 4096 504 4162 unice
538 4101 587 4163 eet
620 4117 705 4164 vera.
751 4096 778 4161 B
813 4101 847 4163 et
875 4096 1021 4163 nonnulli
1055 4096 1110 4163 alii
1139 4097 1454 4179 repromitteretur.

188 4211 297 4281 Valla:
324 4214 560 4300 „capessituroe
582 4217 814 4301 rempublicam
835 4217 1057 4302 popularem’'.

232 4329 309 4420 §a
341 4330 432 4418 Vulg.
463 4332 513 4397 καὶ
544 4333 584 4399 τὰ
614 4333 785 4419 πράγματα
813 4335 938 4402 πάντα
1077 4333 1400 4414 ξυνεκοινώσαντο.
1434 4354 1455 4407 Β
