3000 4920
663 303 705 368 sl

8 532 14 592 ἶ
100 534 180 604 ibid.
215 536 305 623 Vulg.
331 539 608 614 ἀπολειπόμενοι
638 552 660 605 Β
693 539 986 616 ὑπολειπόμενοι,
1018 534 1107 622 quod
1139 535 1319 620 elegantius

8 651 20 711 1
69 659 110 722 st
129 655 257 724 dietum
301 658 351 724 Ex
372 657 466 726 Valla
487 659 568 726 nihil
590 659 708 743 iiquetz
734 654 1014 737 „deserebantnfft

106 772 979 861 111ἀ1υ1μο1όὲπεοὶτῶιέιόφοοεῐδεόιότοςμὺ
1002 801 1031 841 τι
1054 773 1184 860 essem,
1208 785 1273 839 B..
1289 821 1319 838 ..

8 909 26 943 ³·—
75 896 107 969 μὴ
132 895 252 960 saitem.
296 895 467 963 Molestum
497 903 531 963 et
559 896 747 981 languidum
773 896 805 960 τό
836 895 930 961 Valla
961 893 1088 960 omisit:
1123 898 1177 973 „et
1198 892 1321 977 majore

8 1018 27 1064 t·
78 1032 177 1096 „qnam
206 1032 301 1097 quem
331 1013 481 1098 lacrymis
509 1014 724 1082 ostendebant
755 1034 899 1082 moerore
929 1019 997 1080 tnm
1020 1034 1061 1080 ex
1083 1013 1123 1079 iis
1146 1012 1320 1097 quaejam

9 1141 28 1184 ¹1
76 1131 168 1216 „passi
189 1137 300 1210 erant,
323 1139 392 1198 tum
414 1153 454 1200 ex
475 1133 515 1200 iis
538 1154 621 1220 qnae
636 1135 724 1200 intra
739 1155 792 1214 se,
816 1156 856 1201 ne
870 1139 1059 1220 paterentur
1074 1128 1319 1200 formidabant”.

9 1240 29 1300 ἕ
106 1247 128 1339 5
147 1248 178 1326 5,
201 1249 296 1335 Vulg.
320 1251 429 1322 πάντες
452 1249 569 1337 ἔφοροι,
593 1265 615 1318 Β
639 1254 739 1334 ἔφερον
762 1253 884 1325 πάντες.

9 1374 24 1415 ²
105 1368 183 1436 [bid.
207 1368 301 1455 Vulg.
334 1369 384 1434 ιιο1
414 1371 522 1436 sesses
551 1368 583 1436 οἵ
605 1396 639 1436 τε
668 1370 755 1438 ἄλλοι
785 1373 886 1452 ἔφερον
908 1371 1019 1444 πάντες
1040 1370 1060 1438 ό
1078 1395 1106 1436 πι
1128 1396 1172 1443 τις
1198 1368 1318 1436 eidem

9 1490 17 1533 s
66 1488 151 1554 ιιοτοὶ
182 1489 220 1554 τό
248 1488 410 1574 mistum
432 1502 455 1555 Β
478 1510 537 1574 pro
560 1491 641 1556 me
663 1490 698 1555 τό
720 1489 854 1575 praebet
876 1490 1052 1575 simplicius
1074 1486 1198 1561 ἕκαστος
1221 1488 1320 1555 etiam

63 1623 82 1667 a
112 1602 206 1670 Valle
237 1624 438 1690 expressum:
474 1628 628 1692 „qnorum
659 1609 757 1675 oeteri
780 1628 908 1691 omnes,
932 1607 1154 1690 utquisque
1177 1610 1323 1689 poterat,

58 1717 119 1787 sibi
147 1720 240 1788 utilia
357 1721 510 1792 ferebat’'.
555 1725 739 1810 Kruegerns
766 1724 842 1803 fuit,
874 1725 930 1809 qni
951 1724 1121 1791 lectionem
1143 1721 1265 1788 variam
1288 1720 1323 1787 in

56 1836 155 1905 dubio
184 1840 307 1923 posuit:
343 1837 485 1922 „inseres
516 1841 570 1908 fiir
598 1844 681 1908 κοτιὶ
711 1844 744 1908 τὸ
773 1843 845 1909 eine
874 1847 950 1927 gnte
973 1840 1030 1907 Ha
1053 1840 1116 1906 Μὶι
1138 1838 1264 1908 soheint
1287 1860 1323 1905 es

55 1957 205 2026 Glossem
234 1981 276 2024 ιιι
305 1962 359 2033 τός.
402 1957 498 2028 Denn
519 1981 596 2027 man
618 1967 710 2045 sagte
731 1960 813 2027 wohl
835 1957 959 2030 ἕκαστός
982 1983 1046 2043 τις,
1081 1957 1161 2024 aber
1188 1956 1323 2023 schwer-

54 2075 124 2143 lieh
148 2074 362 2150 sio-immod&
404 2077 577 2146 Glsssenus
600 2086 709 2148 autem
731 2085 765 2145 et
788 2077 930 2145 Stahlius
953 2077 1034 2144 dnos
1056 2076 1192 2143 laudant
1217 2076 1323 2154 looos,

52 2197 94 2262 in
123 2193 240 2281 quibus
270 2196 315 2268 τὶς
343 2193 468 2269 ἕκαστος
497 2197 680 2265 invenietur
708 2197 845 2282 ideoque
873 2198 950 2282 qnin
973 2199 1128 2283 optimum
1152 2216 1324 2280 sequamur

55 2311 182 2381 hiram
204 2316 373 2400 serupulus
395 2321 499 2383 restet
521 2315 636 2384 nullus.

104 2433 188 2500 Ibid.
217 2433 310 2520 Vulg.
339 2436 423 2501 adso!
450 2459 484 2500 τε
513 2437 572 2502 καὶ.
602 2447 625 2500 Β
655 2440 689 2502 et
718 2433 815 2502 Valla
838 2435 912 2520 jure
935 2435 1087 2501 omittunt
1108 2458 1143 2499 τε
1166 2435 1216 2498 sai
1242 2454 1325 2518 quae

55 2552 150 2620 nullo
174 2553 269 2621 modo
291 2552 368 2621 ferri
388 2560 534 2640 possunt

106 2669 189 2739 Ibid.
212 2670 305 2757 Vulg.
334 2671 437 2754 πεζοὺς
467 2672 585 2738 Reios}
609 2673 766 2751 vanderiis
787 2673 1006 2754 πορευομέιοοςς
1031 2671 1060 2736 Β
1082 2670 1200 2738 rectius
1223 2652 1326 2750 πεζούς

58 2816 96 2857 τε
118 2789 179 2855 ari.
224 2787 319 2856 Valla
347 2787 479 2857 liberius
508 2791 604 2858 vertit
635 2813 733 2875 qnam
762 2797 800 2858 ut
821 2792 861 2858 de
884 2791 1045 2876 soiiptnra
1067 2790 1136 2856 eius
1159 2788 1236 2874 qnid
1261 2794 1326 2855 sta-

59 2920 156 2982 tuere
176 2911 347 2997 possimus.

107 3031 192 3098 lbid.
222 3031 359 3110 ὁπλιτικῷ
388 3028 658 3110 προσσχόντας,
687 3041 710 3094 Β
740 3025 987 3108 προσέχοντος
1017 3034 1122 3112 reete,
1152 3028 1198 3094 sio
1229 3027 1327 3093 etiam

61 3149 175 3217 Valla:
201 3155 346 3229 „armato
368 3147 487 3231 agmini
510 3147 613 3231 magis
636 3167 735 3232 quam
757 3145 853 3213 classi
875 3144 1054 3213 vaoantos’'.

109 3384 217 3470 Caput
239 3385 280 3451 77
304 3383 329 3475 ἓ
353 3387 381 3450 1.
404 3385 494 3471 ang.
517 3383 559 3450 ἔτι
582 3387 631 3450 nai
654 3386 687 3450 ἐκ
709 3390 765 3449 τῶν
787 3384 952 3466 ποιοόιτοιν,
976 3378 997 3447 ὦ
1020 3382 1162 3455 Ἀθηναῖοι
1184 3379 1233 3444 sot
1249 3377 1328 3456 ξύμ·

65 3527 182 3590 μοιχοι,
213 3504 319 3569 iaxta
344 3506 404 3585 χρὴ
427 3503 518 3585 ἔχειν.
554 3504 629 3571 vat
652 3504 713 3570 hoc
735 3503 841 3587 capite
864 3502 906 3568 ἔτι
930 3501 1097 3585 omittens,
1121 3498 1177 3564 fini
1199 3518 1330 3583 praeoe-

66 3622 173 3692 dentis
195 3622 311 3708 eapitis
331 3623 439 3708 jungit
459 3648 497 3688 τι.
528 3623 572 3689 Et
593 3621 725 3706 volgata
744 3626 778 3687 et
797 3620 823 3686 B
840 3619 961 3703 aliquid
978 3638 1042 3702 quo
1058 3638 1093 3684 se
1108 3616 1330 3684 commendent

66 3742 205 3828 habent,
234 3742 295 3808 etsi
325 3742 464 3809 fortasse
495 3742 616 3826 majore
647 3760 718 3805 oum
741 3737 886 3822 emphasi
909 3736 1026 3803 dieitur
1048 3735 1098 3800 κοιὶ
1122 3737 1155 3799 ἐκ
1177 3740 1233 3798 τῶν
1255 3757 1328 3813 ποορ·

67 3863 163 3928 όντων.
196 3861 291 3928 Valla
319 3862 424 3928 loonm
454 3861 516 3927 hoe
547 3861 641 3926 modo
670 3860 918 3943 interpretator:
956 3861 1010 3934 „et
1038 3875 1140 3938 quum
1158 3854 1270 3937 vellet,
1293 3858 1332 3918 ut

70 3980 126 4065 qni
158 3979 329 4065 plurimum
362 3984 488 4064 posset,
526 3977 680 4062 prodesse
714 3977 761 4042 eis
794 3975 829 4059 (i.
857 3995 884 4040 e
919 3974 968 4037 ιιοιὶ
1003 3971 1177 4049 βουλόμενος
1211 3973 1248 4041 ὠς
1282 3970 1331 4035 ἐπὶ

69 4105 208 4164 πλεῖστοι
237 4100 361 4180 ὠφελεῖν
391 4121 419 4161 τι
442 4117 470 4162 e.
495 4096 552 4181 ’16)
582 4116 622 4162 ex
644 4093 807 4180 praesenti
829 4111 955 4176 quoqne
977 4110 1083 4156 rerum
1110 4085 1216 4154 statu”
1240 4087 1277 4174 (i
1304 4108 1331 4154 e

70 4216 120 4283 ιιοὶ
150 4218 183 4282 εἰι
205 4221 261 4281 τῶι
284 4216 455 4301 παρόντων).
495 4215 640 4299 Apparet
660 4213 758 4297 igitur
779 4231 869 4295 enm,
892 4208 979 4293 qnod
1002 4207 1045 4273 ad
1068 4205 1194 4290 singnis
1216 4206 1333 4272 attinet

70 4333 185 4412 verba,
227 4331 375 4400 Vaticani
408 4331 576 4400 lectionem
610 4329 747 4415 reterre,
786 4332 909 4394 textum
938 4331 1045 4392 autem
1075 4322 1226 4392 habuisse
1256 4328 1333 4392 anto
