3000 4920
111 537 181 606 έκιὶι
203 537 287 601 ιέλλιὶ
311 537 379 618 πρὸς
401 539 443 620 τῷ
465 539 561 616 λιμένι
583 538 677 611 ὄντος,
703 553 724 606 Β
748 543 783 628 ἡ,
808 540 894 624 quod
918 541 1103 626 neutiquam
1127 539 1278 624 quadrat.
1322 538 1384 605 Est

113 659 277 742 quaestio,
306 659 463 739 difficilis,
494 667 527 726 et
550 662 600 727 cui
623 683 812 746 responsum
835 661 888 728 vix
910 662 1075 729 inventum
1097 661 1138 726 iri
1161 660 1276 738 credo,
1299 659 1385 725 sitne

112 780 315 846 retinendum
339 781 356 856 ἥ
380 802 422 845 33
438 802 509 848 cum
526 781 701 849 scholiasta
716 783 900 850 tollendum.
936 783 1109 869 Vulgatam
1126 786 1219 848 acute
1237 778 1387 847 defendit

111 898 285 966 Ulhichius
307 901 367 965 οὶπὸ
390 905 446 964 τῶν
469 904 615 979 πολεμίων
637 903 817 988 intelligens
841 905 881 969 de
904 902 1179 981 Lacedaemoniis,
1196 901 1254 984 qni
1269 899 1317 980 D,
1335 919 1388 965 ce·

110 1018 182 1085 leae
205 1025 298 1086 eraut
320 1041 392 1088 cum
415 1020 517 1105 Agide
539 1041 633 1106 rege,
656 1042 728 1087 cum
750 1021 818 1094 ι’διοι
841 1021 969 1098 πόλεμοι
994 1021 1133 1105 accipiat
1149 1018 1190 1086 (13
1204 1018 1387 1086 faetiouum

112 1139 147 1204 iu
169 1140 248 1205 urbe
265 1139 454 1220 certamine,
478 1160 615 1224 quarum
634 1141 739 1207 altera
758 1140 974 1227 adjuvabatur
989 1139 1031 1206 ab
1048 1138 1274 1225 Agesandrida
1286 1136 1390 1222 Spar·

113 1257 196 1323 tiata
203 1285 212 1336 ;
247 1258 357 1343 itaque
391 1259 439 1324 vir
473 1259 587 1325 doctus
621 1260 814 1326 sententiam
847 1258 933 1324 huuc
967 1258 1001 1323 in
1035 1256 1165 1322 modum
1201 1255 1390 1322 constituit:

118 1376 207 1455 „weil
230 1376 288 1443 der
311 1378 421 1462 sigone
444 1377 542 1463 Krieg
564 1377 781 1443 bedentender
805 1378 869 1456 sei,
895 1377 942 1444 als
966 1376 1023 1443 der
1047 1398 1107 1443 von
1127 1376 1266 1442 Feindes
1283 1375 1390 1456 Seite,

114 1496 180 1561 und
205 1497 293 1562 nicht
315 1497 403 1578 feru,
428 1499 566 1565 sondern
589 1498 643 1565 bei
667 1498 739 1565 dem
762 1498 869 1567 Hafen
893 1496 1098 1566 stertendo?

160 1616 248 1695 Quae
271 1616 332 1683 hoc
356 1617 490 1684 deloco
513 1639 534 1683 a
556 1617 635 1684 viris
658 1618 761 1685 doctis
786 1624 861 1685 sunt
883 1618 1011 1702 prolata
1030 1617 1211 1683 luculenter
1229 1617 1393 1701 disposita

114 1738 319 1803 inveniuntur
341 1738 374 1802 in
397 1737 544 1804 Classeni
566 1739 743 1823 appendice
767 1739 889 1804 critica.
926 1738 1023 1805 Valla
1044 1736 1206 1803 consentit
1220 1734 1391 1821 vulgatae:

117 1861 293 1938 „tanquam
316 1853 433 1920 bellum
457 1854 667 1922 domesticum
690 1857 795 1942 majus
811 1876 909 1940 quam
925 1855 1058 1941 hostile,
1082 1875 1142 1920 nec
1157 1853 1392 1938 longinquum,

115 1977 171 2043 sed
194 1980 268 2042 ante
291 1979 420 2059 portum
443 1974 555 2042 esset.''
1393 1959 1396 1962 ⁴

159 2212 267 2299 Caput
289 2213 333 2278 95
356 2211 380 2302 ξ
403 2216 435 2282 2.
459 2215 551 2299 Vulg.
575 2215 637 2294 περὶ
661 2221 712 2280 τοῦ
727 2216 872 2292 μεγίστου
888 2213 1058 2292 βουλόμενοι
1074 2215 1103 2278 ἕν
1118 2211 1210 2294 ‘frixet
1225 2213 1372 2290 βοηθῆσαι
1382 2236 1391 2290 ;

116 2453 229 2520 melius
241 2454 336 2540 juxta
350 2455 379 2518 ἐν
393 2453 503 2534 τάχει,
521 2455 571 2520 331
587 2455 774 2540 opponitur,
791 2455 896 2521 locum
913 2453 1047 2520 obtinet.
1074 2453 1263 2519 Perversum
1279 2457 1392 2517 autem

116 2571 224 2650 βοῆσιιι
248 2571 372 2640 scribae
395 2578 444 2639 est
466 2573 697 2657 imputandum.
731 2572 845 2641 Valla:
868 2592 1005 2657 „magno
1024 2569 1200 2637 discrimini
1216 2589 1390 2636 occurrere

116 2690 317 2760 festinante.'’

161 2811 186 2903 ξ
208 2815 238 2878 3.
262 2812 355 2894 Vulg.
377 2808 414 2877 ὧν
437 2811 619 2893 ἀφικομένων
641 2809 692 2888 ξὺν
711 2819 779 2886 τοῖς
802 2813 935 2892 πρότερον
957 2814 986 2877 ἐν
1008 2811 1145 2894 Εὐβοίᾳ
1167 2811 1268 2883 odram
1288 2807 1324 2887 ἓξ
1340 2809 1391 2875 uei

117 2934 272 3016 τριοὶκοντοι
294 2933 432 3010 ἐγένοντο.
473 2931 499 2996 Β
523 2954 595 2998 cum
619 2932 695 3006 aliis
717 2933 808 2999 libris
831 2931 1026 3017 quibusdam
1049 2934 1078 3004 ἕρ
1102 2930 1276 3010 Εὔβοιοιν,
1301 2928 1392 3014 quod

119 3055 310 3121 sententiam
334 3051 511 3139 perturbat.
546 3051 639 3118 Valla
655 3056 756 3118 recte:
784 3073 875 3131 „cum
891 3051 930 3116 iis
939 3103 948 3137 ,
970 3071 1054 3136 quae
1070 3050 1103 3115 in
1119 3050 1253 3116 Euboea
1268 3045 1393 3115 eraut.''

163 3174 243 3240 Ibid.
267 3174 358 3259 Vulg.
381 3175 520 3252 οὲνήνιιμε
543 3175 600 3246 τοὶς
620 3179 707 3250 roim
730 3184 752 3237 B
775 3173 885 3257 ιξνῆνε,
909 3175 995 3237 13313
1017 3169 1240 3254 imperfectum
1264 3167 1306 3233 de
1323 3187 1392 3233 oer-

118 3295 239 3362 tamine
273 3295 402 3360 ineunte
437 3297 619 3376 usurpatur.
666 3291 718 3358 Sic
752 3290 864 3357 Valla:
903 3310 999 3370 „nam
1027 3284 1291 3375 Hegesandridas
1321 3286 1394 3371 jam

118 3436 256 3500 pransus
279 3413 320 3480 ab
345 3412 452 3497 Oropo
476 3412 611 3477 classem
634 3407 797 3476 ducebat.'’

163 3534 243 3601 Ibid.
266 3532 356 3627 Vulg.
381 3531 556 3615 Ἐρετριέων,
579 3530 651 3597 vat.
674 3531 830 3612 Ἐρετριῶν.

163 3650 188 3742 ξ
210 3653 240 3717 4.
275 3649 419 3733 Scriptor
442 3653 554 3715 narrat
573 3648 784 3715 Athenienses
804 3646 847 3713 ad
862 3645 983 3713 bellum
999 3622 1113 3711 contra
1128 3641 1394 3728 Agesaudridam

118 3772 276 3840 Eretriam
307 3768 487 3856 profectos,
519 3770 653 3836 mereari
683 3768 805 3834 cibaria
835 3789 900 3835 nou
930 3767 964 3833 iu
994 3766 1065 3832 foro
1097 3765 1154 3833 sed
1185 3765 1220 3830 in
1243 3768 1395 3831 extrema

119 3890 199 3957 urbe
214 3910 285 3956 esse
302 3890 430 3954 3333133
446 3887 486 3954 ab
503 3887 753 3964 Eretriensibus,
771 3908 791 3952 a
807 3884 999 3970 quibusdem
1015 3885 1144 3966 προνοίιις
1161 3882 1242 3949 nihil
1256 3882 1396 3948 venibat

119 4009 193 4082 ὅπως
221 4018 319 4092 σχολῇ
349 4009 548 4088 πληρουμένων
577 4005 722 4090 pubem
744 4007 769 4072 oi
791 4006 922 4083 πολέμιοι
945 4002 1155 4085 προσπεσόντες
1178 4001 1228 4066 uxi
1251 4001 1394 4080 οὶνοιγκοί-

7 4117 11 4123 ’
119 4155 199 4197 σειοιν
230 4133 295 4202 τοὺς
326 4129 491 4204 Ἀθηναίους
521 4127 609 4199 οὕτως
640 4123 716 4198 ὅπως
750 4124 869 4205 τύχοιεν
899 4123 1073 4202 οἰνοέγεσθοοι.
1119 4121 1268 4207 Apparet
1289 4121 1397 4207 igitur

120 4254 153 4319 ni
175 4251 271 4318 fallor
294 4249 462 4316 verborum
488 4246 632 4314 ordinem
656 4264 725 4310 esse
741 4243 922 4329 turbatum3
944 4242 1062 4309 etenim
1077 4241 1154 4306 οὐδὲν
1170 4241 1231 4322 γὰρ
1247 4244 1395 4308 ἐπωλεῖτο

119 4373 180 4440 οξπὸ
210 4370 339 4450 προνοίοις
371 4374 426 4431 τῶν
458 4366 605 4446 Ἐρετριῶν
635 4369 711 4428 3313
738 4358 812 4432 ὅπως
836 4370 934 4441 σχολῇ
957 4360 1062 4426 locum
1087 4359 1235 4426 obtineat
1259 4381 1396 4429 3333333
