3000 4920
725 313 769 379 54

158 550 236 642 ξεί.
266 551 359 636 Vulg.
390 556 478 618 recte
509 550 724 632 προελθόντες,
760 563 782 616 Β
812 549 1041 631 προσελθόντες.
1078 550 1175 618 Vella
1204 552 1380 636 respondet
1410 534 1416 605 Ᾰ

113 671 279 756 vulgatae:
306 691 423 754 „quum
446 670 556 755 viginti
580 670 707 736 circiter
728 668 837 737 stadia
858 669 1119 755 processissent”.

157 788 239 857 Ibid.
256 789 283 854 B
299 789 382 856 male
398 789 516 856 omittit
532 787 569 871 ᾖ,
586 789 671 872 quod
687 788 775 873 apud
791 787 919 855 Vallam
934 789 1071 856 relatum
1088 789 1248 856 invenitur
1266 789 1380 874 „qua’'.

159 913 179 990 ἓ
203 910 232 975 6.
262 907 353 993 Vulg.
376 909 400 973 oi
424 913 479 973 τῶν
503 909 684 988 Συρακοσίων
710 907 759 973 nal
782 906 954 989 ξυμμοθχοιν
976 909 1082 981 adrosis
1104 909 1198 984 ἷπνιῆς
1223 908 1273 974 uel
1297 912 1381 975 οθκον-
1411 946 1416 969 ι

114 1027 212 1092 sarrai
242 1026 320 1100 θννες
351 1028 452 1092 πολλοὶ
485 1028 611 1105 ἑκάτεροι
642 1026 773 1093 ἐκώλυον.
820 1026 847 1091 Β
878 1048 937 1112 pro
968 1026 1095 1108 ἐκοθνεροι
1117 1026 1254 1112 praebet
1277 1029 1379 1094 ἒκοιτέ·

112 1148 211 1226 ρωθεν,
235 1146 327 1213 unice
351 1166 476 1233 verum,
500 1151 537 1213 ut
558 1146 655 1213 etiam
680 1145 788 1213 Valla:
815 1148 986 1232 „utrinque
1009 1146 1305 1232 obequitantibns”.
1414 1163 1416 1167 ·

158 1381 264 1466 Caput
287 1383 328 1448 79
351 1379 376 1471 ξ
401 1383 430 1448 1.
453 1381 546 1466 Vulg.
569 1386 603 1448 et
623 1395 646 1448 Β
669 1382 719 1448 aci
742 1383 902 1460 ἐβιοθοοοννο
925 1382 994 1466 νιρθς
1020 1385 1067 1450 τὸν
1085 1384 1176 1468 λθφον
1196 1386 1313 1450 ἐλθεῖν
1333 1384 1381 1450 τὸν

113 1501 399 1581 ἀποτετειχισμένον.
447 1499 639 1579 Quaestione
675 1501 715 1569 de
745 1501 834 1569 verbi
868 1503 960 1568 ἐλθεῖν
995 1503 1179 1571 sinceritate
1208 1502 1244 1568 in
1275 1501 1380 1570 medio

63 1688 65 1692 ,
113 1621 242 1700 relicta,
277 1618 393 1686 Stahlii
422 1619 529 1704 gratia
559 1620 778 1687 animadverto
809 1641 859 1687 me
890 1642 954 1687 non
985 1621 1108 1699 videre,
1139 1621 1300 1705 quomodo
1334 1621 1382 1688 vir

115 1738 227 1805 doctus
250 1738 433 1805 existimare
456 1737 559 1822 possit
582 1736 708 1804 Vallem
731 1738 876 1805 omisisse
899 1741 990 1804 ἐλθεῖν
1012 1743 1206 1806 vertentem:
1235 1739 1284 1823 „vi
1307 1759 1379 1823 per-

114 1856 234 1923 vadunt
269 1854 311 1921 ad
345 1853 532 1922 tumulum'’.
585 1854 724 1921 Dubium
758 1854 880 1922 nullum
910 1876 981 1923 esse
1011 1860 1136 1941 potest,
1166 1877 1217 1922 me
1250 1855 1379 1940 quidem

110 1973 235 2060 judice,
259 1973 337 2057 quin
359 1972 454 2040 Valla
475 1971 526 2057 id,
549 1972 636 2056 quod
659 1978 708 2040 est
723 1973 898 2060 ἕβιθοοιννο,
923 1973 1116 2058 expresserit
1130 1992 1189 2059 por
1207 1972 1287 2060 „vi”,
1305 1994 1378 2042 cum

114 2095 204 2158 ἐλθεῖν
227 2093 248 2157 i.
273 2113 300 2158 e.
325 2090 422 2158 eundi
445 2091 532 2158 notio
555 2091 737 2176 reperiatur
758 2092 792 2157 in
818 2090 1044 2177 „pervadunt''.

157 2209 181 2301 ξ
204 2213 236 2280 2.
260 2211 355 2296 Vulg.
379 2212 410 2275 οὔ
430 2209 578 2288 θυνοθμενοι
600 2209 762 2286 βιοθοοιοθοιι
778 2210 967 2296 οἱνεχοθρονν,
991 2209 1389 2299 Βᾶθθθτίιιεοὶνιέχιορόυν.

113 2330 209 2397 Valla
230 2336 317 2397 recte
343 2333 448 2408 „retro
475 2346 509 2394 se
530 2323 751 2411 receperunt''.

156 2447 180 2537 ξ
204 2451 235 2514 3.
266 2445 359 2530 Vulg.
392 2446 496 2526 ἔτυχον
520 2445 549 2510 δὲ
572 2444 622 2510 ιιοοὶ
645 2443 764 2524 βροντιιὶ
788 2469 862 2517 τινες
885 2444 953 2523 οἷμον
976 2445 1132 2523 νινθμενοοι
1155 2447 1206 2511 κοιὶ
1230 2445 1378 2530 &inps-B

112 2587 171 2652 pro
202 2567 230 2630 δὲ
258 2563 358 2632 habet
379 2566 457 2645 γὰρ,
481 2563 566 2648 quod
589 2584 703 2648 parum
725 2583 760 2629 se
784 2564 995 2632 commendat.
1042 2565 1157 2633 Pulcra
1180 2567 1233 2634 hic
1257 2568 1333 2635 libri
1356 2581 1377 2635 Β

113 2689 230 2751 natura
264 2687 416 2768 apparet,
453 2687 489 2749 ut
520 2682 617 2747 stiam
647 2681 771 2748 duobus
801 2683 944 2750 versibus
975 2691 1066 2769 post,
1098 2686 1153 2752 ubi
1175 2687 1291 2754 iterum
1316 2691 1379 2770 γὰρ

113 2809 242 2889 praeter
272 2801 495 2869 necessitatem
518 2801 638 2896 inserit.
686 2800 746 2880 Qui
770 2801 854 2868 enim
876 2801 946 2869 fieri
971 2809 1094 2888 potest,
1118 2806 1195 2890 quin
1218 2808 1279 2887 γὰρ
1304 2816 1379 2894 post

9 2951 14 2960 ·
112 2923 217 3004 ἔτυχον
241 2944 261 2988 a
283 2919 472 2987 correctoris
496 2939 595 2985 manu
617 2919 809 3002 minimeque
833 2940 851 2986 e
873 2919 956 2988 libro
980 2922 1153 3010 archetypo
1170 2928 1379 2993 emanaverit.

111 3041 246 3126 Saepius
276 3052 298 3104 Β
329 3037 435 3103 varias
465 3034 600 3121 praebet
629 3036 800 3123 lectiones,
825 3058 908 3122 quae
931 3045 1038 3106 utrum
1063 3043 1210 3127 scriptori
1233 3045 1297 3129 ipsi
1321 3047 1374 3112 de-

111 3161 248 3228 beantur
279 3176 379 3223 necne
413 3161 525 3222 nostra
552 3159 658 3221 aetate
682 3156 851 3227 decernere
874 3167 1070 3241 nequeamus
1094 3161 1133 3228 cf.
1157 3183 1258 3248 supra
1281 3185 1311 3230 c.
1336 3165 1377 3230 78

111 3276 135 3368 ξ
158 3280 189 3343 2.
229 3275 333 3343 Semel
355 3276 534 3356 iterumque
550 3272 788 3340 emendatorem
804 3275 1007 3343 manifestum
1024 3277 1264 3363 deprehendere
1279 3282 1374 3367 licet,

111 3402 147 3462 ut
180 3401 289 3463 nostro
312 3395 401 3474 loco,
424 3391 480 3459 ubi
502 3393 562 3473 νθιρ
585 3392 714 3459 omuino
738 3391 822 3459 ferre
844 3413 909 3459 non
931 3415 1101 3478 possumus
1123 3403 1255 3483 propter
1277 3400 1379 3466 verba

110 3515 169 3596 ἐφ’
201 3511 237 3579 ὧν
259 3516 283 3578 οἱ
306 3515 448 3588 Ἀθηναῖοι
471 3514 586 3587 μᾶλλον
609 3510 651 3574 ἐτι
674 3507 806 3587 ἠθύμουν.
851 3508 946 3578 Valla
968 3512 1114 3580 liberius:
1141 3535 1260 3598 „quum
1282 3539 1378 3602 prae·

112 3633 221 3702 sertim
255 3631 427 3697 existerent
453 3627 576 3712 pariter
599 3631 632 3692 et
653 3625 772 3693 imbres
796 3627 901 3710 qualis
925 3629 1002 3695 anni
1025 3636 1168 3716 tempore
1191 3633 1225 3698 in
1249 3641 1376 3703 autum·

110 3774 186 3819 num
212 3751 281 3836 jam
311 3754 459 3833 vergente
489 3746 559 3813 fieri
589 3767 795 3814 consuevere:
827 3746 914 3814 unde
940 3749 1084 3816 exterriti
1115 3756 1190 3816 suut
1219 3771 1259 3818 eo
1282 3753 1378 3819 vehe-

111 3871 249 3938 mentius
283 3866 492 3934 Athenienses
524 3865 610 3950 quod
633 3864 853 3932 existimarent
874 3866 907 3931 iu
932 3887 1024 3933 suum
1047 3868 1166 3934 exitum
1189 3868 1255 3936 ista
1277 3871 1377 3938 etiam

111 3989 219 4058 omnia
239 3986 339 4053 fieri'’.

153 4104 178 4196 ξ
208 4105 240 4170 4.
271 4104 364 4191 Vulg.
397 4102 624 4182 θνιιπκυομὲνων
655 4102 680 4166 δ’
712 4104 807 4168 adreio
837 4103 851 4167 ὅ
877 4103 1026 4177 Γύλιππον
1062 4105 1111 4170 nat
1146 4106 1171 4171 oi
1204 4109 1373 4188 Συροικθοιοι

109 4224 266 4302 νιέμιιουοι.
311 4235 333 4288 Β
365 4222 449 4290 omni
480 4241 575 4288 sensu
601 4239 736 4288 vacuam
758 4220 951 4304 particulam
973 4223 1023 4288 κον)
1047 4222 1139 4291 addit
1160 4231 1237 4292 ante
1260 4231 1375 4308 αὐτῶν,

110 4364 131 4409 a
153 4341 247 4409 Valla
269 4339 427 4408 omissam.
