3000 4920
772 340 817 406 86

125 672 130 681 .
162 583 205 658 ab
236 583 430 663 ἐλευθερῶσαι.
477 596 498 648 Β
529 581 688 662 βαρβάρων
718 582 876 669 neglexit,
908 581 1056 648 Reishius
1080 583 1174 667 ejecit
1197 586 1254 646 τῶν
1275 581 1438 655 Ἑλλήνων.

163 700 229 767 Aut
251 707 421 785 utrumque
444 722 561 768 nomen
584 702 750 786 proprium
772 701 949 769 tollendum
974 708 1042 782 est,
1066 702 1153 787 quod
1176 700 1254 768 lecit
1272 699 1440 767 Valhena-

163 821 246 896 rius,
271 825 329 885 aut
351 825 516 899 neutrum,
539 820 729 887 alterutrum
753 822 872 888 servari
896 822 1066 888 nonlicet.
1089 821 1187 887 Valla
1202 821 1354 905 vulgatae
1372 842 1438 887 res-

163 939 301 1025 pondet:
336 960 436 1023 „quos
466 940 652 1023 neutiquam
683 939 835 1011 credibile
868 946 971 1024 esset,
1003 961 1101 1025 quum
1135 939 1278 1007 Graecos
1307 961 1441 1010 nunoa

163 1059 296 1126 Graecis
327 1059 406 1143 ipsis
437 1058 629 1138 liberarent,
653 1079 715 1124 non
739 1057 933 1125 liberaturos
960 1079 1030 1125 esse
1053 1080 1075 1124 a
1098 1057 1248 1124 barbaris
1272 1058 1438 1125 eosdem”.

208 1177 232 1267 ξ
255 1180 284 1245 5.
309 1178 402 1262 Vulg.
427 1184 497 1249 ναῦς
520 1178 644 1256 Φάοκων
660 1176 744 1264 ἥξειν,
766 1179 927 1257 Βφάοκων
944 1182 1014 1248 ναῦς
1031 1175 1117 1252 ἥκειν.
1147 1177 1257 1244 Valla:
1278 1176 1439 1257 „dicendo

263 1317 359 1362 naves
381 1296 576 1363 Phoenicum
598 1295 778 1364 venturas'’.
813 1295 970 1381 Vulgatae
993 1294 1069 1372 ἥξειν
1092 1296 1186 1363 unice
1208 1318 1329 1362 verum.

206 1416 286 1482 Ibid.
310 1415 402 1499 Vulg.
426 1416 466 1480 τά
488 1441 521 1480 τε
544 1413 629 1479 dara
646 1417 904 1496 καταφανέστερον
924 1416 941 1492 ἢ
961 1414 1036 1481 ὥστε
1052 1415 1202 1481 λανθάνειν
1218 1418 1250 1481 οὐ
1266 1416 1439 1497 προθύμως,

163 1534 253 1600 cuius
282 1535 428 1600 lectionis
459 1534 576 1600 rudera
598 1534 632 1599 in
654 1534 814 1620 integrum
836 1535 976 1601 restituit
999 1534 1208 1613 ξυνετολέμει,
1233 1535 1323 1619 quod
1346 1536 1441 1602 addit

162 1653 207 1733 B,
236 1653 386 1737 quodque
416 1652 555 1720 aValla
586 1652 749 1719 stabilitur
783 1655 837 1737 „in
869 1655 983 1720 ceteris
1016 1675 1144 1739 quoque
1168 1654 1314 1739 apertius
1337 1676 1440 1739 agens

164 1793 260 1856 quam
283 1777 319 1838 ut
342 1772 520 1838 occultaret
542 1792 576 1837 se
599 1792 665 1838 non
686 1770 825 1838 libenter
839 1772 903 1838 illis
921 1773 1016 1839 sociis
1032 1794 1144 1857 gerere
1160 1771 1308 1840 bellum.''
1333 1771 1440 1839 Valde

163 1891 285 1958 arridet
308 1890 439 1975 elegans
462 1889 582 1957 Naberi
605 1893 761 1959 correctio
783 1892 955 1974 άτροθθμως
979 1914 1038 1978 pro
1061 1896 1092 1958 οὐ
1116 1895 1276 1974 προθύμως.

208 2180 314 2275 Caput
343 2191 385 2256 47
416 2188 441 2281 ξ
468 2196 494 2256 l.
529 2189 621 2275 Vulg.
653 2193 705 2267 τθρν
731 2192 835 2257 ἑαυτοῦ
859 2191 974 2256 κάθοδον
997 2193 1025 2263 ἐς
1049 2193 1102 2266 τὴν
1124 2192 1255 2274 πατρίδα
1279 2193 1443 2274 ε’τιθερα-

163 2311 276 2375 τεύων
298 2315 400 2389 recte,
424 2314 457 2375 et
479 2309 588 2377 Valla:
616 2311 784 2390 „suumin
808 2311 946 2395 patriam
970 2311 1109 2377 reditum
1133 2309 1298 2378 curabat.''
1321 2311 1444 2397 Perpe-

163 2452 233 2498 ram
256 2430 283 2494 B
307 2429 493 2509 ἕθερατεθων.

209 2548 234 2638 ξ
258 2552 286 2615 2.
311 2548 404 2632 Vulg.
428 2546 618 2624 Ἀλκιβιάδαν
642 2548 1072 2630 τροοτὲμψαντοςλθγους
1089 2553 1117 2622 ἐς
1133 2551 1199 2622 τοὺς
1215 2549 1443 2622 δυνατωτάτους

164 2673 268 2737 αὐτῶν.
314 2669 363 2733 Ex
385 2668 518 2743 litteris,
543 2690 623 2753 quas
644 2669 713 2753 jam
737 2669 935 2751 aliquamdiu
959 2671 1118 2736 exercitus
1138 2670 1213 2735 viris
1230 2669 1443 2736 nobilissimis

93 2832 96 2836 .
164 2791 207 2875 (ἐς
230 2789 295 2859 τοὺς
319 2785 537 2857 δυνατωτάτους
564 2788 690 2872 αὐτῶν)
720 2787 844 2853 dandas
868 2794 1035 2854 curaverat
1057 2788 1258 2867 Alcibiades,
1284 2789 1442 2854 certiores

164 2913 256 2974 erant
286 2905 365 2972 faeti
396 2905 511 2970 milites
542 2906 579 2988 (οἱ
612 2907 640 2968 ἕν
663 2916 700 2988 τῇ
723 2907 818 2984 Σάμῳ
841 2905 997 2982 Ἀθηναίων
1020 2908 1212 2992 στρατιῶται)
1245 2928 1316 2973 eum
1351 2908 1442 2991 apud

163 3027 410 3112 Tissaphernem
449 3046 592 3091 summae
630 3046 702 3091 esse
744 3026 868 3110 gratiae
911 3029 944 3089 et
986 3025 1187 3092 auctoritatis
1222 3045 1364 3108 eumque
1400 3025 1442 3091 de

163 3146 333 3213 evertendo
366 3144 606 3210 Atheniensium
630 3149 716 3210 statu
740 3144 889 3228 populari
913 3145 1063 3229 cogitare.
1112 3145 1318 3230 Quapropter
1343 3167 1442 3230 prae·

164 3271 227 3332 stat
252 3263 402 3331 Vaticani
432 3263 687 3346 aspectatores,
720 3264 806 3346 quod
831 3263 926 3328 Valla
956 3284 1102 3348 quoque:
1140 3264 1228 3348 „ipse
1252 3271 1372 3330 antea
1397 3265 1442 3330 ad

162 3384 403 3470 potentissimos
427 3381 583 3447 mandata
606 3380 770 3447 dederat.''
1234 3359 1237 3364 ,

208 3504 288 3570 Ibid.
312 3504 405 3587 Vulg.
437 3501 554 3584 τοννρίρι
677 3512 713 3581 τῇ
737 3501 863 3567 ἑαυτόν
885 3502 1063 3584 ἐκβαλούορ.
1109 3514 1131 3566 Β
1156 3502 1271 3582 αὐτὸν,
1296 3501 1443 3570 fortasse

163 3627 267 3691 minus
292 3621 509 3708 significanter
533 3620 670 3699 dictum,
694 3641 890 3704 quamquam
913 3626 1021 3704 potest
1042 3620 1126 3686 ferri.
1162 3622 1275 3689 Valla:
1307 3647 1349 3703 „a
1375 3647 1442 3709 quo

163 3751 248 3812 esset
271 3742 413 3810 eiectus”

206 4044 312 4129 Caput
334 4044 378 4108 48
395 4047 415 4126 ξ
434 4044 461 4107 1.
485 4041 578 4126 Vulg.
602 4039 652 4105 nal
677 4040 786 4114 ἐκινήθη
803 4038 934 4118 τράτερον
950 4042 978 4103 ἒν
993 4041 1034 4120 τῷ
1050 4040 1236 4120 στρατοπέδῳ
1256 4045 1441 4126 τούτῳκαὶ

162 4166 191 4237 ἕς
214 4166 266 4239 τὴν
290 4163 374 4228 atto
397 4163 524 4226 ἐντεῦθεν
549 4157 670 4238 ὕστερον.
710 4158 813 4236 Quam
836 4157 1021 4242 periodum,
1045 4159 1136 4224 cuius
1159 4159 1250 4243 prior
1273 4166 1443 4232 sententia

162 4282 308 4368 subjecto
332 4286 422 4348 caret
445 4281 547 4347 altera
571 4285 680 4345 autem
703 4277 817 4356 verbo,
841 4277 875 4342 in
897 4277 1057 4362 integrum
1079 4279 1224 4345 restituit
1239 4279 1284 4366 B,
1301 4283 1361 4366 qui
1378 4307 1441 4370 pro

161 4403 261 4485 τούτῳ,
284 4400 369 4484 quod
393 4400 461 4466 sine
486 4398 552 4465 ulla
576 4397 807 4482 significatione
832 4417 904 4461 cum
923 4397 1108 4476 στρατοπέδῳ
1124 4397 1341 4483 conjungitur,
1359 4402 1441 4489 legit
