3000 4920
725 263 769 328 32

110 500 218 587 Legit,
250 501 284 568 ni
314 500 427 589 fallor,
458 503 506 574 ὡς.
554 500 661 568 Variis
691 501 794 569 modis
825 502 964 569 editores
991 501 1054 570 hoc
1078 501 1118 569 de
1140 501 1211 568 loco
1236 500 1384 586 disputa·
1428 544 1432 581 -,

111 628 240 701 verunt,
272 622 352 689 adeo
384 627 421 689 ut
452 642 511 707 pro
533 623 588 709 νίς,
613 623 698 707 quod
723 621 757 688 in
778 623 806 688 B
829 622 920 690 audit
943 617 996 709 civ,
1021 621 1078 688 alii
1099 616 1158 701 οἷς,
1183 620 1239 687 alii
1261 613 1305 704 ᾧ,
1330 617 1385 686 alii
1430 670 1432 676 .

110 739 162 816 ἕσις
195 741 406 810 emendarint.
453 739 642 819 Classenns,
665 739 700 805 in
722 739 854 825 reliquis
881 741 1040 808 sententia
1063 741 1212 809 Vaticani
1235 741 1381 817 servata,
1430 716 1432 803 f

110 860 235 927 uncinis
268 858 398 926 inclusit
430 859 584 944 χρίμασι,
621 878 687 943 qua
720 858 753 924 in
787 879 822 925 re
857 857 996 926 dissideo
1029 881 1050 926 a
1080 858 1148 925 viro
1180 857 1296 936 docto,
1329 855 1386 943 qui

112 979 368 1048 emendationem
390 980 438 1047 ita
461 978 620 1047 defendit:
639 980 665 1064 1)
692 980 846 1060 ,,χρνίμονσι
872 979 930 1049 hat
953 981 1006 1046 ein
1028 978 1211 1065 Glossator,
1238 978 1298 1044 der
1325 977 1384 1044 das

112 1098 187 1164 πολὺ
214 1098 358 1180 κρείσσους
382 1096 435 1164 iiir
458 1096 665 1165 iibertrieben
687 1098 767 1165 hielt
789 1119 848 1166 aus
871 1097 892 1164 l.
915 1098 955 1164 31
982 1119 1039 1165 aur
1061 1095 1316 1181 Beschrdukung
1341 1115 1385 1162 an

112 1217 174 1284 den
201 1217 295 1283 Rand
318 1217 543 1302 geschriehen3
567 1217 679 1285 Nikias
702 1216 768 1285 had
792 1218 844 1285 die
866 1217 1133 1303 Ueberlegenheit
1156 1215 1215 1282 der
1236 1213 1383 1281 Athener

113 1336 202 1402 nicht
234 1357 296 1403 nur
328 1357 386 1404 aus
417 1336 479 1403 den
511 1340 679 1422 grdsseren
709 1334 936 1420 Geldmitteln‚
969 1335 1110 1402 sondern
1132 1333 1215 1400 auch
1243 1351 1305 1400 aus
1329 1331 1388 1398 der

113 1453 298 1521 schlechten
321 1453 611 1540 Heerversfassung
635 1454 692 1521 der
715 1452 905 1540 Syrakusier
929 1454 966 1540 (1.
983 1454 1024 1519 37
1050 1452 1213 1533 ἐπικουρικὰ
1230 1450 1384 1529 μὰλλονὰ

113 1575 148 1641 δι’
173 1572 307 1654 ὰνοίγκκς
331 1573 416 1660 trra)
442 1573 660 1660 hergeleitet''.
698 1573 872 1642 Classenus
895 1574 1008 1660 igitur,
1032 1594 1103 1641 cum
1125 1571 1150 1664 ξ
1174 1573 1194 1639 6
1218 1571 1388 1652 ἐπικουρικὰ

113 1695 231 1769 μᾶλλον
262 1693 279 1769 ἢ
312 1693 345 1758 δι’
375 1694 509 1772 ὰνοίρκνς
539 1691 609 1758 trra
642 1693 682 1759 de
714 1691 988 1779 Syracusanorum
1019 1693 1131 1780 pejore
1162 1689 1209 1757 rei
1237 1687 1388 1755 militaris

114 1818 203 1878 statu
226 1811 447 1897 accipiendum
470 1810 685 1897 existimaret,
710 1811 861 1893 χρήμασιν
885 1810 1085 1897 proscripsit.
1110 1809 1262 1878 Attamen
1285 1807 1387 1875 rerba

114 1930 138 2023 §y
170 1932 190 1998 6
225 1929 388 2013 ἐπικουρικὰ
421 1931 472 1998 κσὲ
503 1930 596 2017 longe
626 1931 690 1999 alio
720 1932 815 1999 modo
847 1931 1037 2017 explicanda
1069 1936 1153 1998 sunt.
1197 1928 1308 1997 Nicias
1342 1927 1389 1995 sic

115 2048 343 2116 ratiocinatur:
365 2053 495 2133 praeter
518 2069 633 2116 causas
651 2050 721 2135 jam
744 2053 929 2128 enarratas,
953 2069 1039 2134 quae
1063 2069 1103 2115 ne
1127 2049 1255 2116 domum
1280 2067 1388 2114 rever·

117 2176 240 2256 tamur,
275 2169 428 2246 suadent,
459 2176 493 2236 et
522 2168 603 2236 haec
633 2168 793 2254 suppetit:
826 2167 919 2235 nohis
949 2187 1065 2253 magna
1091 2166 1230 2252 pecunia
1252 2171 1386 2252 praesto

118 2293 185 2376 est,
218 2287 412 2375 Syracusani
443 2294 569 2368 autem,
596 2291 729 2373 propter
753 2291 899 2372 sumptus
921 2285 956 2351 in
980 2285 1154 2352 exercitum
1176 2285 1246 2372 (qui
1269 2305 1390 2370 magna

118 2429 177 2494 pro
200 2411 294 2492 parte
316 2428 335 2474 e
358 2407 561 2474 mercenariis
585 2408 725 2493 constat)
747 2406 932 2492 faciendos,
954 2407 1069 2492 etjam
1084 2405 1222 2491 pecunia
1235 2404 1385 2490 indigent

120 2530 152 2593 et
180 2525 216 2591 in
242 2532 405 2611 posterum
429 2546 503 2592 aere
527 2525 632 2593 alieno
655 2525 751 2611 plane
775 2525 1014 2611 opprimentur:
1037 2525 1172 2607 χρίμασι
1196 2523 1256 2605 γὰρ
1281 2524 1390 2596 αὐτοὺς

119 2643 360 2729 ξενοτροφοῦντοος
391 2645 440 2709 καί
472 2646 501 2709 ἐν
532 2647 704 2726 περνπολίοις
736 2643 804 2724 ἅμα
835 2644 1049 2718 οίνοολίσκονποος
1080 2642 1130 2708 καὶ
1158 2644 1290 2709 ναυτικὸν
1313 2642 1392 2708 πολὺ

120 2763 247 2829 ἐνιαυτὸν
270 2764 321 2840 ἤδη
346 2763 509 2841 βόσκοντας
531 2764 572 2829 τὰ
594 2763 650 2842 μὲν
672 2766 807 2849 ἀπορεῖν,
830 2766 871 2830 τὰ
894 2764 919 2829 δ’
944 2764 987 2830 ἔτι
1010 2765 1227 2845 οίμνρχοοννίσενυ.
1266 2761 1392 2829 Deinde

121 2881 275 2968 pecuniae
297 2882 426 2966 inopiae
450 2903 581 2950 causam
603 2882 745 2951 illustrat
768 2884 913 2951 docendo
933 2883 1145 2970 Syracusanis
1161 2880 1262 2949 multo
1279 2880 1392 2967 plures

121 3001 335 3068 mercenarios
357 3002 475 3069 milites
498 3023 569 3071 esse
591 3024 690 3089 quam
712 3003 977 3072 Atheniensibus:
1008 3004 1142 3086 δισχίλιοι
1166 3003 1226 3084 γὰρ
1252 2999 1393 3067 τοίλοινπα

122 3121 173 3197 ἤδη
203 3121 378 3197 ἀνηλωκέναι
409 3120 458 3186 καὶ
489 3121 532 3188 ἔπι
562 3123 664 3189 πολλὰ
695 3124 911 3206 προσοφείλειν,
945 3125 977 3202 ἥν
1004 3150 1037 3190 τε
1061 3123 1110 3189 καί
1134 3115 1225 3190 ὁσιοῦν
1249 3119 1392 3186 ἔκλίπιοσι

122 3248 175 3315 τῆς
209 3244 257 3304 νῦν
289 3250 476 3322 παρασκευῆς
512 3243 556 3324 τῷ
590 3245 639 3320 ροὰ
673 3242 802 3310 dedicas
836 3245 987 3327 τροφήν,
1021 3244 1185 3326 φίερεῑσίαι
1221 3240 1318 3305 αὐτῶν
1353 3239 1395 3305 τὰ

123 3357 311 3445 πράγματα,
343 3360 507 3442 ἐπικουρικὰ
536 3364 654 3440 paruo
685 3362 702 3438 ἢ
733 3363 768 3428 δί’
797 3364 932 3442 ἀνάγκας
962 3362 1056 3442 ὥσπερ
1088 3362 1130 3428 τὰ
1157 3359 1289 3445 σφέτερα
1311 3356 1394 3424 ὄντα.

124 3476 286 3564 Apparet,
310 3477 343 3544 ni
366 3476 472 3566 fallor,
496 3477 620 3548 Niciam
644 3481 766 3560 dicere,
789 3482 910 3549 idcirco
935 3503 969 3548 se
993 3482 1077 3549 bono
1101 3501 1171 3548 esse
1194 3479 1301 3547 animo
1326 3498 1394 3545 non

124 3593 211 3680 quod
240 3594 513 3682 Syracusanorum
546 3598 659 3683 copiae
690 3599 822 3666 minoris
852 3601 917 3668 sint
948 3600 1184 3677 aestimandae,
1217 3595 1275 3664 sed
1306 3594 1396 3681 quod

124 3713 334 3781 Athenienses
366 3715 530 3783 abundent
561 3716 697 3804 divitiis,
730 3738 869 3802 quarum
900 3718 1091 3785 adversariis
1115 3716 1209 3802 copia
1231 3720 1304 3782 erat
1327 3734 1395 3781 om·

125 3832 201 3898 nino
225 3833 323 3902 nulla.
360 3834 462 3914 Quam
486 3835 763 3903 ratiocinationem
787 3836 1009 3922 complectitur
1032 3836 1115 3902 dux:
1140 3818 1319 3914 σρίβεινόὗν
1336 3832 1395 3916 ἔφη

126 3958 230 4032 χρῆναι
265 3953 512 4033 προσκαίκμένους
547 3956 596 4018 καί
633 3956 693 4034 μὰ,
726 3955 878 4035 χρήμασιν
909 3954 942 4038 (i.
965 3974 992 4020 e.
1022 3951 1098 4019 belli
1127 3952 1220 4037 vona)
1250 3951 1287 4021 ὡς
1318 3951 1396 4016 πολὺ

126 4068 269 4149 κρείσσους
299 4070 371 4156 είσί,
404 4072 566 4147 νικηθέντας
599 4072 729 4138 ὰπιέναιι
764 4078 915 4158 oportere
949 4071 1048 4157 igitur
1070 4069 1150 4136 dixit
1171 4069 1206 4134 in
1229 4067 1396 4136 obsidione

160 4336 189 4403 1)
207 4337 289 4388 Clusa.
307 4337 429 4404 Anhang.
448 4336 582 4388 Kritische
599 4336 803 4402 Beruerkungen
821 4351 882 4389 zum
899 4338 1037 4390 siehenten
1055 4337 1139 4389 Buch.
1155 4352 1179 4401 p.
1197 4334 1254 4388 167.
1272 4349 1274 4352 ’
