3000 4920
795 293 842 368 40

182 544 355 608 Σικελιῶται
386 545 418 607 et
449 541 566 606 Σικελοί
595 515 780 625 distinguit,
805 563 876 607 cum
900 541 997 627 paulo
1021 561 1120 626 supra
1143 548 1325 608 Σικελιωτῶν
1348 542 1453 621 Νιίὲιοι

181 664 231 727 καὶ
261 671 422 729 Καταναῖοι
448 663 694 748 interpretetur:
722 683 782 743 „ex
805 661 1025 729 Siciliensibus
1048 661 1142 728 Naxii
1165 669 1199 729 et
1221 661 1453 732 catanenses.”

226 901 332 987 Caput
355 901 398 968 58
421 899 446 992 ᾖ
468 902 498 969 4.
521 901 614 988 Vulg.
638 901 730 976 innoc
753 902 870 981 ὅμιλος,
895 901 921 968 Β
945 902 1037 969 addit
1061 902 1230 981 articulus,
1255 923 1320 987 quo
1341 924 1453 971 carere

181 1041 259 1088 saue
283 1041 463 1106 possumus.

226 1141 306 1208 Ibid.
329 1140 420 1227 Vulg.
448 1141 503 1206 διαὶ
527 1141 676 1220 μέγεθος
699 1141 833 1214 πόλεως
857 1142 916 1206 καί
943 1138 995 1206 ύτι
1019 1141 1048 1205 ἕν
1070 1140 1204 1224 μεγίστῳ
1227 1141 1344 1224 κινδύνῳ
1367 1127 1453 1229 ἦσαν,

180 1276 203 1329 Β
238 1262 296 1351 διύι
330 1261 480 1340 μίγεύίς
510 1287 550 1328 τε
580 1261 716 1333 τίιιεοις
747 1261 806 1326 καί
839 1258 893 1327 ύτι
925 1261 995 1341 γὰρ
1018 1264 1048 1326 ἐν
1069 1263 1204 1344 μεγίστῳ
1227 1263 1342 1347 κινδύνῳ
1367 1262 1452 1342 ἦσαν.

181 1380 253 1448 Nou
283 1381 368 1448 male
399 1380 511 1448 addita
541 1386 591 1448 est
621 1381 756 1467 copula,
781 1381 999 1467 conjunctioni
1021 1386 1129 1449 tamen
1152 1384 1212 1462 yda
1236 1383 1329 1451 locus
1354 1385 1453 1469 plene

180 1501 287 1568 nullus
320 1507 380 1568 eet.
428 1500 520 1567 Valla
554 1505 660 1567 recte:
699 1507 791 1580 „tam
824 1521 883 1586 pro
918 1500 1074 1586 civitatis,
1111 1508 1183 1569 ίιιιιι
1215 1523 1274 1590 pro
1308 1503 1453 1592 periculi

182 1619 421 1708 „magnitudine
444 1619 482 1686 in
505 1639 568 1708 quc
591 1619 718 1688 crant.''
742 1618 1069 1686 Animadvertendum
1093 1625 1142 1686 est
1164 1620 1263 1689 verba
1288 1621 1397 1703 „tum”
1419 1630 1453 1690 et

183 1743 270 1820 „tum
294 1761 353 1826 pro
376 1738 532 1825 periculi’'
556 1745 588 1806 et
614 1740 667 1820 „in
689 1760 753 1824 quo
777 1739 887 1806 erant”
906 1759 1061 1825 expressa
1076 1761 1147 1807 esse
1161 1740 1281 1809 litteris
1296 1743 1450 1824 cursivis;

185 1858 263 1943 quid
294 1863 400 1926 autem
431 1858 506 1925 inde
537 1863 717 1926 statuamus
748 1859 790 1927 sit
812 1880 943 1927 necesse
967 1859 1008 1926 de
1032 1859 1146 1927 Vallae
1170 1861 1297 1946 codice,
1323 1862 1449 1948 neseio,

184 1999 256 2045 cum
284 1998 356 2045 eum
386 1977 500 2063 legisse
530 1983 655 2045 tantum
686 1977 734 2044 διδ
757 1979 879 2058 μέγεθος
903 1978 1012 2052 riatur
1036 2000 1152 2064 parum
1176 1979 1295 2065 speciei
1318 1979 1449 2069 habeut.

180 2099 242 2177 Γοὶο
265 2098 339 2165 iibri
362 2098 390 2163 B
413 2097 507 2166 Valla
526 2099 600 2184 jure
624 2098 740 2165 omisit

222 2339 329 2424 Caput
351 2337 394 2405 59
417 2338 441 2430 ξ
467 2338 497 2406 1.
521 2337 615 2422 Vulg.
647 2335 692 2404 Οἵ
710 2363 744 2403 τε
770 2333 817 2404 οὖν
841 2336 1025 2418 Συρακίσιοι,
1057 2333 1132 2404 Boi'
1148 2362 1183 2403 τε
1205 2335 1252 2405 οὖν
1280 2338 1447 2421 Συρακόσιοι

177 2457 228 2523 καί
259 2459 283 2522 οἱ
312 2456 472 2539 ξύμμαχοι
503 2458 536 2523 in
566 2457 682 2541 quibus
706 2457 870 2542 Kruegero
894 2461 1051 2542 praeunte
1075 2457 1214 2525 editores
1237 2479 1297 2542 pro
1321 2483 1356 2524 τε
1378 2479 1447 2526 cur·

75 2594 77 2598 ·
176 2583 328 2644 rexerunt
349 2576 380 2642 δέ
402 2576 456 2663 (cf.
480 2575 604 2663 class).
652 2576 748 2643 Valla
770 2576 826 2661 qui
849 2596 943 2643 omne
964 2574 1050 2643 ferat
1072 2581 1226 2661 punctum
1246 2577 1362 2664 dignus
1376 2583 1444 2646 estc

180 2695 302 2782 „igitur
324 2716 389 2762 non
411 2695 570 2763 immerito
594 2693 788 2781 Syracusani
811 2716 855 2762 ac
879 2693 1007 2764 socii.''

222 2813 302 2881 Ibid.
326 2814 418 2900 Vulg.
441 2815 562 2900 ύγῶνα,
586 2826 608 2879 Β
632 2814 798 2893 ύγοινίσμα.

222 2932 306 2999 Ibid.
330 2932 423 3020 Vulg.
447 2934 497 3002 καί
520 2933 594 3011 μηδὲ
618 2937 692 3000 καθ’
714 2932 870 3015 ἒαύτερα
893 2933 1018 3020 αύτούς,
1042 2934 1119 3012 μήτε
1138 2933 1186 3000 διίι
1201 2934 1355 3011 ίαλιίσσης
1370 2937 1448 3015 μήτε

176 3054 217 3135 τῷ
240 3051 335 3134 τεζῷ,
361 3053 535 3134 διαφυγεῖν,
564 3064 586 3117 Β
610 3051 659 3117 καί
683 3052 756 3131 μηδὲ
779 3056 853 3119 καθ’
875 3051 980 3131 ἕτερα
1004 3054 1074 3139 arri,
1098 3054 1184 3139 quod
1206 3054 1334 3122 videtur
1356 3077 1448 3143 prae·

178 3176 276 3240 stare.
318 3171 404 3238 Nihil
444 3171 523 3238 certi
556 3172 719 3238 lucramur
753 3191 793 3237 ex
814 3170 925 3250 Vella,
961 3172 1017 3257 qui
1051 3171 1184 3240 liberius
1218 3174 1365 3241 verterit:
1397 3180 1449 3256 „et

177 3296 314 3376 utraque
337 3296 432 3376 parte
453 3291 563 3378 illum,
586 3291 668 3358 mari
690 3295 858 3378 terraque,
883 3289 1024 3376 effugere
1047 3291 1279 3378 prohibend0.”

223 3527 328 3613 Caput
360 3530 403 3595 60
432 3525 510 3618 §Z
534 3527 627 3614 Vulg.
658 3528 725 3608 τοὺς
752 3527 782 3592 δὲ
810 3530 1008 3601 adverteretis
1031 3527 1363 3608 ναυσίνύτολαβίντες
1386 3532 1448 3599 δια-
1486 3542 1490 3575 ¹·

177 3648 324 3730 τείχισμύ
345 3673 374 3714 τι
397 3645 461 3715 ύσον
484 3643 538 3714 οίύν
561 3673 595 3713 τε
618 3647 779 3729 ἐλάχιστον
801 3661 910 3715 3....
935 3647 1159 3730 διατειχίσματι
1182 3648 1243 3716 ύσον
1266 3652 1329 3717 κτὲ.
1377 3653 1448 3721 Etsi

177 3767 275 3854 paulo
297 3766 429 3833 liberius
452 3765 557 3834 locum
573 3765 729 3852 reddidit,
745 3767 949 3835 nihilominus
966 3767 1091 3837 Vallem
1106 3791 1179 3836 cum
1193 3768 1277 3838 libro
1293 3771 1321 3836 B
1337 3771 1447 3841 fecere

177 3885 337 3952 videmus:
372 3891 650 3971 „occupatumque
681 3890 756 3952 ante
785 3907 882 3953 naves
913 3886 1018 3954 locum
1049 3909 1146 3973 quam
1175 3889 1307 3957 minimo
1334 3898 1448 3978 posset

176 4025 268 4072 muro
303 4003 588 4071 concludendum.''
634 4004 684 4069 Ex
716 4003 812 4085 locis,
846 4004 951 4090 qualis
985 4012 1095 4074 noster
1129 4013 1195 4087 est,
1219 4008 1338 4076 librum
1360 4009 1390 4076 B
1414 4016 1447 4079 et

177 4123 302 4191 Vallem
325 4123 439 4190 ceteris
463 4123 610 4190 omnibus
628 4123 719 4189 libris
735 4122 836 4209 pluris
851 4124 968 4210 valere,
982 4125 1016 4191 ni
1031 4124 1137 4215 fallor,
1155 4127 1293 4212 quisque
1309 4133 1443 4197 statuet

34 4292 42 4302 .
85 4233 89 4239 ¹
220 4241 300 4308 Ibid.
324 4240 415 4328 Vulg.
439 4243 636 4318 ύσύενέσιν,
659 4254 681 4308 Β
705 4243 868 4309 οίσύεναῦσιν
891 4264 962 4310 cum
986 4246 1203 4332 superscripta
1230 4247 1371 4334 vulgata

219 4362 299 4429 Ibid.
316 4361 408 4448 Vulg.
431 4362 491 4427 ύτί
513 4362 542 4429 δὲ
565 4367 615 4428 τοῦ
638 4359 733 4429 ἄλλον
755 4361 843 4447 τεζού
866 4363 923 4438 τίοι
945 4370 1016 4440 ναῦς
1039 4365 1161 4439 τοίσαι
1178 4415 1251 4437 ....
1271 4375 1444 4465 πληρῶσαι,
