3000 4920
711 282 772 346 131

694 520 793 584 XIII

152 730 331 795 Ambrones
366 730 592 814 Teutonosque
627 736 735 795 castra
765 728 860 793 Marii
891 728 934 793 ad
964 728 1113 793 Rhodani
1143 734 1242 812 atque
1272 727 1383 794 Isarae

110 877 322 944 confluentem
351 886 611 962 praetergressos
642 877 806 944 Romanus
839 877 906 942 dux
935 898 1001 943 non
1032 876 1223 944 subsecutus
1256 884 1308 944 est
1334 879 1387 957 (ut

109 1029 325 1095 Mommsenus
359 1036 392 1093 et
423 1029 535 1094 Ihnins
567 1028 752 1111 perhibent)
784 1028 840 1093 sed
871 1047 926 1093 eos
957 1028 1122 1111 praevenit-
1153 1034 1251 1111 atque
1282 1028 1386 1112 Aquis

112 1177 231 1244 Sextiis
256 1201 289 1244 se
313 1179 464 1262 opposuit
487 1180 550 1244 iter
572 1176 773 1244 facientibus.

689 1387 804 1452 XVIII.

158 1567 293 1632 Prorsus
324 1587 388 1630 non
420 1566 602 1630 faciendum
634 1573 684 1631 est
715 1586 787 1630 oum
818 1565 929 1644 [huio,
960 1567 1016 1649 qui
1047 1569 1220 1648 postquam
1251 1562 1388 1629 tradidit

111 1716 271 1780 aerarium
296 1716 439 1781 sanctius
462 1737 483 1780 a
501 1714 641 1781 Caesare
658 1714 810 1780 violatum
827 1735 912 1799 esse,
928 1714 1051 1798 pergit:
1079 1711 1147 1792 „Er
1168 1712 1268 1800 [01qu
1282 1711 1385 1778 dorio

111 1862 183 1930 dem
214 1862 382 1952 Vorponpe
404 1864 461 1932 der
484 1863 744 1945 Stootsmdnner‚
769 1862 886 1932 wehhe
901 1864 948 1930 im
965 1861 1250 1929 hannibalischem
1265 1861 1386 1950 Krr‘epe

112 2014 189 2094 (209
222 2036 249 2077 v.
281 2013 328 2092 G.)
358 2013 465 2081 diesen
495 2013 733 2082 Reseroeschotz
764 2012 970 2100 oopepriffen
1002 2012 1133 2090 holten,
1166 2012 1238 2078 ruod
1268 2012 1387 2080 enno

113 2160 204 2227 nicht
236 2162 319 2229 ohne
351 2160 468 2228 Gruod
498 2161 698 2250 betaupten,
722 2161 798 2228 dese
819 2183 855 2229 er
877 2162 924 2228 im
948 2160 1052 2230 senne
1073 2162 1131 2229 der
1152 2161 1292 2228 Mdnner
1314 2181 1385 2228 oer-

114 2307 251 2394 fohren,
283 2308 400 2375 welche
429 2308 489 2374 das
521 2307 601 2376 Geld
630 2309 732 2396 prode
760 2311 819 2395 [ἀν
840 2308 950 2376 Zeiten
972 2308 1029 2377 der
1051 2307 1138 2376 Notlr
1162 2309 1387 2397 zantokpelepl

114 2456 226 2525 hdtten
366 2455 485 2524 Caesar
516 2457 606 2525 hatte
634 2458 689 2525 ein
720 2458 828 2526 ebenso
855 2467 947 2545 putes
968 2457 1068 2525 Recht
1089 2458 1178 2526 seiae
1198 2457 1386 2546 Hondlunp

114 2605 164 2670 αις
194 2605 265 2671 eine
295 2604 399 2671 durch
429 2605 489 2671 dos
527 2602 625 2671 Wolrl
655 2606 709 2672 des
746 2604 956 2674 Vaterlondes
979 2606 1126 2723 bediopte
1147 2605 1386 2691 donastellen,

115 2754 172 2820 wie
205 2755 319 2842 irpend
347 2756 437 2822 einer
464 2756 570 2823 ser'ner
599 2754 816 2844 Vorponper.'’
862 2756 956 2841 (ihne
980 2756 1016 2821 R.
1039 2755 1078 2821 G.
1101 2755 1269 2822 Siebenter
1291 2755 1385 2822 Band

113 2923 184 2986 nas·
207 2902 252 2986 5·)

704 3083 789 3148 XIX.

36 3238 39 3242 A
159 3258 192 3325 si
223 3281 300 3325 vera
330 3263 405 3326 sunt
434 3259 533 3326 verba
562 3260 617 3344 (de
647 3260 760 3326 PIaoit
793 3261 911 3328 Philos.
935 3261 979 3326 IV
1002 3262 1047 3342 2.)
1081 3270 1186 3335 Θαλῆς
1208 3262 1388 3342 ἀπεφήνατο

113 3415 221 3485 πρῶτος
248 3412 300 3483 τὴν
322 3412 426 3489 ψυχὴν
447 3409 537 3491 φύσιν
559 3412 718 3484 ἀεικίνητον
739 3410 790 3474 καὶ
813 3410 1014 3488 αὐτοκίνητον,
1037 3409 1263 3494 philosophum
1287 3408 1386 3476 animi

112 3556 294 3623 libertatem
318 3557 466 3625 docuisse
490 3558 696 3623 statuendum
719 3564 778 3624 est

714 3764 785 3829 XX.

155 3940 234 4007 Jure
265 3941 373 4008 Attico
403 3940 488 4008 filios
520 3941 638 4008 nothos
662 3942 821 4008 ommibus
843 3961 981 4025 quorum
1002 3942 1161 4010 Intererat
1183 3943 1387 4041 eonsentien-

110 4087 196 4154 tibus
219 4089 378 4173 legitimos
400 4089 536 4156 reddere
558 4095 653 4173 peter
674 4089 789 4173 potuit

619 4300 865 4310 ———
