3000 4920
730 269 773 335 31

71 589 78 596 ¹
139 512 299 594 opponatur
328 518 365 590 τῇ
397 506 477 592 ἄλλρ
511 508 657 593 Σικελίᾳ).
694 506 787 574 Valla
817 507 905 575 haud
936 506 1031 575 dubie
1064 508 1222 575 sinceram
1253 528 1386 575 manum

138 626 210 694 nobis
241 628 395 695 servavit:
429 626 606 714 „Gylippns
630 647 759 711 quoque
782 627 913 711 (uiditne
936 629 1008 710 σεί)
1031 627 1177 694 terrestri
1199 627 1314 694 itinere
1338 625 1388 693 Si-

72 795 79 834 5
139 747 264 814 cilienses
294 747 391 815 nrbes
421 747 500 814 adiit
523 767 637 814 rursus
661 746 743 814 alias
766 747 877 831 copias
901 744 1128 815 adducturus''.
1173 745 1267 833 Legit
1288 747 1388 832 igitur

76 926 77 931 ,
137 875 161 931 l.
180 867 206 930 δὲ
227 867 314 953 (rel)
337 867 419 933 κακαὶ
441 875 499 946 νῦν
522 869 551 940 ἐς
575 868 627 942 τὴν
646 866 784 932 Σικελίαν
803 864 916 948 ᾤχετο,
938 863 1034 940 ἄλλαν
1054 861 1133 938 αὖθις
1152 864 1230 943 ἄξειν
1245 866 1388 946 στρατιὰν

71 1031 79 1071 :·
138 984 181 1072 ἔιι,
202 1006 285 1070 quae
308 986 404 1053 lectio
427 985 553 1072 egregie
577 1007 646 1073 cap.
663 984 707 1052 50
723 990 744 1069 ξ
762 988 779 1050 1
795 984 973 1052 stabilitur:
997 985 1030 1066 „t
1050 985 1079 1050 δὲ
1100 984 1387 1062 reintromittant«

137 1128 159 1168 ιε
176 1105 345 1186 στρατιὰν
369 1107 480 1182 πολλὴν
504 1105 583 1186 ἔχειν
606 1100 692 1183 ἦλθεν
714 1106 775 1171 eiad
797 1113 850 1179 τῆς
874 1102 1043 1178 Σικελίαε”.

166 1342 264 1429 Caput
285 1343 328 1408 47
354 1347 373 1428 ἓ
398 1345 419 1408 2
450 1340 544 1428 Vulg.
575 1343 608 1408 τί
630 1342 734 1424 χωρίον
857 1342 995 1423 χαλετδν
1019 1339 1066 1420 ἦν,
1091 1354 1113 1407 Β
1137 1341 1205 1410 eine
1230 1362 1329 1409 causa
1353 1336 1387 1417 ἦν

71 1539 73 1545 ,
137 1459 246 1528 omittit.

71 1623 76 1664 3
167 1585 184 1664 ἓ
203 1584 230 1647 3.
255 1580 346 1666 Vulg.
362 1581 435 1647 ἀλλ’
457 1579 531 1661 ε’ίτερ
549 1581 598 1646 καί
617 1580 769 1657 διανοηθείς
785 1583 813 1655 ές
830 1581 886 1655 ταὶς
902 1578 1068 1654 Ἐπιπολὰς
1083 1580 1385 1669 διακινδυνεῦσαι,

71 1744 75 1782 :
137 1699 210 1776 ἐπειδὴ
221 1702 368 1784 ἔσφαλτο,
382 1698 511 1776 ἐξιέναι
523 1699 693 1783 ἐψηφίζετο.
705 1713 727 1766 Β
739 1753 745 1767 .
757 1751 764 1767 .
776 1751 782 1767 .
795 1700 1015 1768 ,διεκινδύνευσε
1016 1748 1185 1779 .........
1195 1700 1329 1768 εἰσιέναι.
1340 1752 1366 1769 ..
1377 1752 1384 1768 .

71 1894 73 1901 Ι
140 1816 268 1887 ldmiror
297 1840 433 1887 acumen
465 1820 671 1901 correctoris,
704 1820 816 1904 quiin
838 1819 865 1886 B
888 1810 1014 1886 finitum
1038 1818 1169 1886 verbum
1193 1819 1385 1898 restituerit;

139 1938 230 2005 ιίιιίναι
260 1958 390 2024 quoque
422 1938 571 2027 vulgatae
602 1944 756 2024 praestat
801 1938 851 2006 De
873 1938 968 2006 Valla
997 1938 1078 2005 nihil
1105 1937 1269 2005 affirmare
1292 1937 1384 2007 licet:

141 2059 197 2134 „sed
225 2064 324 2144 quum
346 2058 564 2127 constituisset
585 2059 673 2144 apud
695 2059 853 2145 Epipolas
876 2057 1139 2143 periclitandum,
1164 2064 1198 2124 et
1220 2078 1294 2124 eum
1316 2057 1383 2124 fru-

141 2179 237 2245 stratus
261 2183 393 2245 eventus
417 2183 518 2260 esset,
543 2177 698 2245 decedere
720 2175 945 2265 (Demostheni
966 2175 1158 2262 placebat)'’.

171 2415 264 2503 caput
287 2417 331 2484 48
353 2416 378 2508 ξ
402 2419 432 2484 2.
455 2416 546 2504 Vulg.
570 2417 608 2484 τὸ
631 2418 665 2485 δέ
688 2443 721 2484 τι
745 2417 795 2485 καί
815 2417 856 2484 τίν
871 2421 927 2483 τῶν
943 2416 1169 2496 acuculam...
1189 2417 1332 2490 ἐλπίδες
1347 2441 1381 2483 σι

71 2538 73 2559 ²
138 2530 167 2598 iu
185 2545 322 2619 παρεῖχε,
349 2545 453 2617 rect03
476 2537 504 2604 B
528 2537 614 2605 solus
637 2539 787 2611 ἐλπίδας
810 2563 848 2603 τε
872 2544 906 2604 et
929 2557 1000 2604 num
1024 2535 1185 2604 nonnullis
1201 2535 1292 2602 libris
1308 2535 1381 2602 aliis
1425 2625 1426 2628 Ἴ

137 2652 163 2716 rt
180 2654 199 2719 t·
220 2656 289 2735 ἕσις
322 2663 438 2724 neutra
459 2657 556 2724 lectio
580 2658 670 2726 uaria
692 2658 863 2744 probanda
886 2661 943 2724 est.
988 2655 1099 2724 Valla:
1127 2655 1278 2738 „Adhaec
1301 2675 1381 2722 non·

136 2772 196 2841 nihil
214 2779 283 2863 spei
307 2777 416 2845 Nicias
439 2777 610 2846 habebat.’'

166 2893 185 2985 ξ
204 2901 232 2964 3.
255 2897 349 2984 Vulg.
372 2899 568 2986 ἀκούσαντες,
592 2899 620 2964 Β
643 2903 676 2966 et
699 2898 732 2964 M
754 2897 916 2969 εὶκυιίσντες.

165 3012 234 3104 §d
258 3017 354 3103 vulg.
378 3019 417 3085 ταί
441 3044 475 3084 σε
500 3018 682 3100 Συρακοσίων
705 3018 763 3102 έφκ
787 3015 864 3096 ὅμως
887 3015 930 3081 ἔτι
953 3013 1031 3090 ἥσσω
1054 3019 1111 3079 τῶν
1129 3013 1277 3097 σφετέρων
1291 3008 1380 3079 εἷναι

131 3132 176 3197 καί
203 3137 367 3216 χρήμασι
398 3139 457 3218 γὰρ
491 3139 595 3210 αὐτοὺς
622 3136 926 3218 ξενοσρυΦυῦντας...
949 3137 1076 3214 ἀπορεῖν.
1122 3132 1201 3199 Jure
1223 3131 1257 3197 in
1279 3131 1306 3198 B
1329 3131 1379 3197 καί

131 3256 189 3318 ante
216 3255 351 3336 χρήμασι
384 3255 493 3334 abest3
526 3257 572 3322 sic
603 3254 696 3322 Valla
723 3275 852 3340 quoque
878 3253 982 3335 „Quin
1005 3252 1101 3319 etiam
1124 3251 1283 3318 deteriore
1307 3271 1378 3316 con·

128 3368 234 3439 dicione
257 3393 355 3458 quam
378 3394 452 3440 suas
475 3394 545 3440 esse
568 3393 620 3440 res
636 3371 930 3460 Syracusanorum,
947 3372 1032 3457 quod
1050 3376 1214 3457 sumptum
1230 3368 1377 3436 facerent

125 3487 371 3561 inmercenariis
395 3492 547 3560 militibus
571 3494 696 3560 alendis
721 3491 810 3579 sqq.''

159 3611 237 3682 lbid.
262 3611 354 3698 Vulg.
377 3613 543 3694 δισχίλια
567 3614 635 3694 γὰρ
659 3611 798 3680 τάλαντα
822 3612 873 3689 ἤδη
893 3611 1090 3698 νίνκλααέναι,
1110 3623 1132 3676 Β
1152 3607 1320 3692 δισχίλια
1338 3635 1378 3676 τε

121 3729 181 3811 νείρ.
202 3731 295 3800 Gonf.
319 3752 345 3798 υ.
372 3732 412 3798 11
437 3730 461 3822 ἓ
486 3735 516 3799 2.

157 3849 231 3941 §d
267 3851 361 3937 Vulg.
396 3853 504 3934 τρίβειν
536 3848 581 3920 οὖν
612 3852 670 3935 ἔφη
701 3854 729 3937 (ὅ
759 3850 880 3940 Νικίας)
911 3862 1017 3934 χρῆναι
1049 3850 1295 3934 πρυσκαίνμέννυς
1326 3848 1376 3915 καὶ

115 3973 242 4053 χρήμασι
265 3974 302 4044 ὡς
327 3974 402 4039 πολὺ
423 3974 567 4053 κρείσσους
590 3974 646 4040 εἶσί
668 3973 830 4051 νικηθέντας
852 3970 989 4058 νίτιὲναι,
1007 3972 1135 4039 Brecte
1150 3976 1226 4038 ante
1241 3969 1377 4051 χρήμασι

113 4090 201 4157 addit
229 4091 272 4169 μή
304 4095 337 4158 et
366 4111 406 4158 ex
437 4091 633 4158 correctione
659 4111 807 4175 perverse
830 4113 890 4177 pro
912 4094 950 4165 ὡς
973 4090 1074 4158 tradit
1095 4087 1141 4158 ὧν.
1187 4087 1281 4156 Valla
1303 4107 1376 4154 cum

111 4209 139 4274 B
171 4210 330 4295 expressit
362 4212 421 4288 κήκ
457 4210 548 4291 „ideo
580 4208 699 4277 debere
728 4209 762 4275 in
792 4208 973 4277 obsidenda
1003 4209 1081 4276 urbo
1111 4215 1275 4294 perstare,
1307 4225 1376 4273 nec

108 4336 264 4415 tanquam
287 4327 454 4396 inferiores
477 4329 628 4415 pecunia,
645 4327 818 4424 quimulto
834 4328 1015 4415 superiores
1033 4332 1156 4405 esseut,
1175 4321 1375 4394 abscederet
