3000 4920
679 343 744 410 115

70 595 166 646 λιστα
191 582 243 647 καί
272 585 305 648 ἕκ
335 584 475 649 πλείστου
506 585 631 656 ε’ναντίος
665 583 823 666 τῷδήμῳ,
855 582 988 649 ridicule
1011 582 1155 649 additum
1179 579 1283 648 fuisse
1307 589 1344 662 τῇ

70 702 213 784 ἀληθεία,
246 702 500 770 animadvertere
529 703 619 770 lubet
641 703 746 771 verbis
769 707 783 769 θ
805 704 859 782 μὲν
884 703 1055 786 Θηραμένης
1182 699 1262 767 ὅσον
1284 699 1344 765 καί

71 821 145 888 ἀπὸ
174 821 261 898 βοῆς
291 820 395 887 ἕνεκα
417 822 551 906 ὠργίζετο
575 824 712 898 ὁπλίταις
734 829 821 890 reote
844 824 964 908 opponi
986 825 1000 889 ὁ
1024 825 1048 889 δ’
1074 822 1270 903 Ἀρίσταρχος
1293 820 1345 886 καί

72 943 97 1008 oi
121 943 242 1009 ε’ναντίοι
265 953 303 1026 τῇ
325 943 447 1025 οίλνθείςι
469 944 676 1025 ἐχαλέπαινον.
711 943 834 1012 Deinde
857 944 884 1010 si
907 948 1040 1029 propter
1062 942 1161 1010 verbe
1184 961 1226 1008 ex
1249 963 1276 1007 o.
1300 941 1345 1006 90

73 1059 98 1151 ξ
132 1062 149 1126 1
184 1062 317 1129 laudato
350 1084 619 1148 supervacaneum
653 1069 739 1130 osset
763 1068 874 1130 nostro
900 1063 971 1128 looo
996 1060 1116 1128 addere
1139 1071 1176 1143 τῇ
1199 1058 1344 1144 ῶλνθείρι,

74 1181 176 1248 multo
209 1181 427 1250 incredibilius
462 1183 596 1250 eandem
632 1183 672 1250 ob
705 1203 836 1250 oausam
869 1182 1064 1264 Ἀρίσταρχος
1096 1180 1145 1246 καί
1175 1181 1199 1244 οἱ
1226 1178 1346 1244 ἐναντίοι

74 1301 258 1369 dicerentur
289 1304 331 1384 τῷ
362 1304 466 1378 πλήθει
489 1304 704 1384 χαλεπαίνειν,
728 1303 845 1370 nedum
869 1323 1017 1370 moneam
1041 1301 1121 1368 sutis
1144 1299 1225 1366 miro
1250 1298 1347 1366 modo

75 1421 133 1507 qui
160 1421 237 1490 olibi
265 1420 302 1512 (ξ
325 1426 362 1511 4,
390 1423 429 1510 5,
454 1425 493 1504 9,
520 1423 575 1514 10)
607 1425 631 1490 οἱ
655 1425 775 1490 ὁπλῖται
800 1425 866 1491 sint
888 1421 1063 1507 appellati,
1086 1441 1141 1487 eos
1165 1419 1218 1486 hio
1242 1419 1345 1504 desig-

75 1542 149 1608 nari
170 1540 277 1609 verbis
299 1545 340 1625 τῷ
362 1545 477 1620 πλήθει.

122 1779 229 1864 Caput
259 1781 303 1847 93
331 1779 356 1873 §
389 1785 418 1848 1.
449 1783 540 1870 Vulg.
571 1784 599 1855 ἐς
626 1782 661 1848 τὸ
691 1782 760 1863 πρὸς
790 1792 828 1865 τῇ
851 1781 1000 1863 Μουνιχίρι
1024 1777 1208 1845 Διονυσιακῶν
1232 1776 1348 1857 θέατρον

76 1898 218 1972 ἐλθόντες.
264 1900 292 1964 Β
320 1908 354 1968 et
376 1901 432 1968 alii
454 1901 529 1968 libri
553 1902 699 1969 nonnulli
722 1907 796 1987 post
820 1901 1007 1967 Διονυσιακὸν
1028 1900 1174 1966 inserunt
1197 1897 1231 1962 τὸ
1254 1899 1282 1962 ἐν
1307 1899 1348 1978 τῷ

76 2025 208 2100 Πειραιεῖ
228 2018 269 2085 ab
294 2018 455 2107 omuibus,
473 2021 558 2104 quod
576 2021 692 2097 seiam,
710 2018 886 2086 editoribus
902 2017 1118 2103 proscriptum
1135 2024 1168 2083 et
1183 2017 1219 2081 in
1234 2015 1348 2083 Vallae

78 2137 345 2222 interpretatione
368 2158 554 2223 expressum
578 2138 694 2206 litteris
717 2139 865 2216 cursivis,
889 2138 975 2204 undo
999 2137 1032 2203 ni
1054 2136 1150 2203 fallor
1167 2139 1348 2202 statuamus

77 2276 212 2324 neeesse
226 2260 285 2324 est
307 2256 561 2325 additamentum
585 2281 606 2325 a
629 2259 726 2326 Vallo
749 2258 893 2344 spurium
917 2279 987 2325 esse
1009 2256 1166 2324 habitum.
1290 2341 1292 2344 Α

123 2373 148 2465 ξ
172 2377 204 2444 2.
234 2374 327 2460 Vulg.
353 2376 440 2448 τέως
464 2375 498 2440 δὲ
519 2378 581 2451 σὺν
603 2377 706 2443 πόλιν
728 2376 828 2455 μηδενί
850 2376 945 2458 τρίτῳ
968 2376 1149 2459 διαφθείρειν.
1185 2388 1206 2441 Β
1230 2376 1292 2451 τίον
1314 2375 1348 2442 δὲ

77 2496 183 2562 πθλιν
288 2494 421 2576 φθείρειν.
469 2494 612 2580 Utroque
635 2497 730 2564 lectio
753 2496 830 2565 ferri
853 2503 961 2582 potest
983 2498 1045 2565 nisi
1068 2498 1155 2582 quod
1177 2497 1347 2580 διαφθείρειν

76 2615 186 2701 potior
208 2613 304 2681 lectio
327 2618 377 2681 est
399 2613 558 2682 habende
604 2615 700 2683 Valle
721 2616 800 2684 iaoit
823 2638 894 2684 oum
918 2617 961 2684 B:
988 2638 1049 2705 „no
1073 2637 1137 2702 quo
1162 2617 1257 2684 modo
1274 2616 1348 2684 oiri·
1399 2690 1401 2695 ,

78 2740 180 2801 tatem
204 2731 404 2819 perderent.''

125 2972 232 3058 Caput
250 2971 333 3063 94§
351 2976 379 3040 1.
401 2974 495 3060 Vulg.
518 2975 568 3040 καί
591 2978 654 3046 πῶς
676 2998 720 3047 τις
743 2979 809 3040 τῶν
832 2981 970 3040 πολλῶν
993 2978 1145 3041 ὁπλιτῶν
1169 2973 1242 3039 αὐτὸ
1263 2979 1348 3040 τοῦτο

78 3093 206 3176 ἕνθμιζεν
229 3090 300 3161 εἶναι
324 3094 358 3159 τὸ
380 3095 479 3160 ποίλαι
501 3095 659 3173 λεγόμενον
682 3095 737 3162 ὑπὸ
755 3096 949 3176 Θηραμένους.
985 3095 1183 3179 Scriptorem
1199 3093 1348 3179 equidem

78 3218 159 3300 puto
183 3212 364 3299 significare
388 3233 560 3299 quemque,
585 3235 648 3280 non
672 3213 775 3282 solum
798 3235 816 3281 e
838 3213 1007 3291 militibus,
1031 3215 1088 3280 sed
1108 3215 1206 3281 etiam
1222 3235 1240 3282 e
1256 3214 1349 3298 vulgo

78 3331 257 3419 plebeque,
280 3337 411 3417 putasse
433 3332 704 3400 Lacedaemonios
728 3333 899 3400 aroessitos
915 3333 1050 3419 jamjam
1067 3333 1200 3413 adesse,
1217 3339 1254 3401 ut
1263 3335 1349 3420 jom-

78 3451 206 3539 pridem
236 3451 328 3537 plebs
355 3473 376 3519 a
398 3451 595 3519 Theramene
618 3457 688 3518 erat
711 3453 835 3520 edocta.
868 3451 922 3538 (of.
947 3475 974 3518 o.
999 3453 1043 3519 90
1066 3458 1086 3538 ξ
1110 3454 1142 3519 3.
1165 3475 1194 3519 ο.
1217 3454 1260 3520 91
1285 3458 1306 3537 5
1330 3454 1370 3519 1·

36 3609 38 3612 <
81 3591 109 3637 o.
135 3573 183 3653 ἐξ
210 3570 268 3655 10,
294 3570 360 3655 11.)
393 3569 545 3653 Exceptis
567 3569 595 3634 B
618 3573 651 3635 et
673 3569 768 3637 Vallo
789 3571 823 3635 iu
846 3568 977 3654 reliquis
999 3570 1090 3637 libris
1107 3569 1150 3637 ad
1164 3575 1220 3636 τῶν
1235 3576 1351 3636 πολλῶν

79 3687 312 3774 interpolatum
347 3694 397 3754 est
431 3708 471 3753 ex
505 3689 612 3772 eapite
642 3688 849 3774 praecedenti
879 3689 1004 3755 θπλιτῶν
1031 3690 1127 3774 idque
1155 3689 1353 3756 factumest

81 3803 123 3872 ab
155 3805 351 3891 interprete,
382 3803 438 3888 qui
467 3809 523 3869 τῶν
554 3811 669 3870 πολλῶν
696 3824 844 3889 perverse
872 3808 997 3870 tontum
1020 3804 1060 3872 de
1083 3804 1238 3872 militibus
1261 3826 1352 3872 acoe-

79 3923 176 4012 perit
221 3922 334 3991 Vallo:
370 3945 428 4003 „oo
458 3945 551 3992 nemo
581 3925 644 3991 hae
673 3945 713 3991 ex
742 3923 840 3991 turba
868 3922 945 4002 fuit,
977 3923 1033 4008 qui
1062 3945 1126 3991 non
1155 3923 1216 3990 hoe
1246 3924 1352 4010 ipsum

80 4064 155 4110 esse
189 4043 377 4110 existmorot
411 4044 496 4129 quod
530 4042 623 4128 sqq.'’
669 4042 811 4111 Stehlius
848 4047 904 4107 τῶν
943 4047 1059 4107 πολλῶν
1096 4043 1220 4107 ὁπλιτῶν
1258 4042 1352 4110 obelo

80 4161 216 4229 notovit.

126 4279 152 4371 ξ
175 4281 204 4346 3.
229 4280 322 4366 Vulg.
345 4283 370 4346 ιί
394 4281 420 4347 δ’
443 4279 499 4362 αὖ,
521 4295 543 4348 Β
566 4282 591 4347 οἱ
613 4281 650 4348 δ’.
686 4281 813 4349 Bekker
836 4281 976 4349 correxit
997 4282 1022 4346 οἱ
1046 4279 1072 4346 δ’
1094 4277 1150 4346 οὖν.

127 4399 208 4466 Ibid.
241 4400 334 4485 Vulg.
364 4402 400 4473 ῶς
430 4406 481 4466 τοῦ
502 4401 580 4490 'tetro
612 4400 742 4470 πολέαον
772 4401 897 4483 μείζονος
922 4401 939 4476 ἢ
963 4400 1023 4465 οίπὸ
1045 4405 1101 4466 τῶν
1125 4402 1270 4477 πολεμίων
1292 4402 1351 4481 οὐχ
