3000 4920
612 1245 829 1329 LIBER
867 1245 1026 1331 VIII.

1481 1306 1496 1375 {i

230 1711 377 1796 Caputl
409 1709 433 1801 ξ
458 1712 488 1776 l.
534 1712 572 1778 In
602 1712 645 1790 ui
666 1709 739 1778 οὕτω
763 1736 800 1790 γε
821 1711 859 1778 ἂν
882 1712 1006 1779 πανσυδὶ
1030 1711 1211 1795 διεφθάρθαι,
1235 1701 1323 1782 solus
1347 1715 1374 1780 Β
1397 1734 1453 1801 pro
1479 1620 1493 1769 θ

184 1828 221 1895 ἄν
255 1830 355 1897 tradit
385 1829 483 1908 θγαι,
516 1829 603 1915 quod
634 1828 763 1897 Vallum
794 1850 922 1915 quoque
953 1831 1167 1918 expressisse,
1200 1832 1355 1918 Poppone
1379 1772 1494 1905 auc-i

183 1953 271 2034 tore,
307 1949 401 2015 docet
436 1947 595 2031 Stahlius,
630 1949 718 2016 haud
753 1955 841 2018 certa
871 1971 921 2016 me
952 1951 1063 2037 judice
1097 1949 1281 2039 affirmans,
1313 1973 1387 2018 cum
1417 1974 1454 2021 ex

184 2067 333 2134 liberiore
372 2067 637 2151 interpretatione
671 2064 786 2135 Vallae
820 2067 916 2134 lectio
951 2067 1032 2134 disci
1066 2087 1132 2134 non
1165 2068 1277 2154 possit
1324 2068 1453 2137 Temere
1486 2132 1489 2137 .

183 2171 372 2253 Classenum
406 2190 438 2251 et
468 2183 627 2252 Stahlium
649 2185 797 2252 Vaticani
821 2185 1006 2252 auctoritati
1028 2186 1164 2253 cessisse
1188 2187 1304 2272 opinor
1326 2188 1454 2273 cognita
1483 2142 1492 2241 θ

183 2303 392 2371 annotatione
414 2303 473 2369 viri
496 2297 666 2371 clarissimi
681 2303 817 2390 Numeri,
841 2304 934 2392 quil)
950 2304 1077 2373 invictis
1093 2304 1294 2373 documentis
1311 2306 1454 2391 spuriam
1483 2250 1496 2375 θ

182 2424 270 2492 vocis
293 2423 375 2502 ιἰγαι
398 2427 549 2491 naturam
571 2424 685 2510 arguit
721 2424 804 2503 „Dio
828 2421 988 2510 Cassiod,
1013 2424 1119 2508 inquit
1137 2424 1185 2491 vir
1202 2423 1336 2513 doctos,
1364 2473 1453 2508 ,‚....
1487 2398 1496 2473 Ῐ

181 2543 288 2609 Ιοιιιιιιι
321 2541 468 2611 terdect'es
496 2542 642 2611 imitatus
666 2548 732 2629 est,
764 2562 869 2626 neque
891 2564 1043 2626 umquam
1067 2542 1245 2611 absurdum
1266 2543 1348 2611 illud
1372 2543 1454 2623 syce
1489 2518 1496 2639 3

182 2661 386 2747 adscripsit!”
410 2662 522 2730 Valla:
549 2663 710 2746 „undique
734 2663 842 2730 omnia
863 2661 1009 2731 funditus
1033 2684 1104 2734 esse
1125 2662 1269 2731 eversa.''
1490 2646 1496 2677 ³

226 2781 307 2849 Ibid.
354 2780 446 2867 Vulg.
478 2781 528 2846 καὶ
558 2781 655 2848 θιιθσιι
685 2807 714 2848 τι
737 2781 805 2848 τότε
829 2781 934 2853 αὐτοὺς
958 2780 1126 2856 tardema
1149 2782 1320 2858 εἰιήλιιισαι
1340 2785 1380 2858 ὡς
1402 2785 1454 2862 tri-
1487 2754 1496 2855 i

180 2909 286 2984 ψιιται
308 2900 455 2966 Σικελίαν.
490 2900 527 2966 In
551 2899 578 2964 Β
601 2921 661 2986 pro
684 2903 853 2978 ἕπήιιιιισαι
876 2907 926 2969 est
944 2901 1080 2990 ἔπεισαν,
1104 2902 1206 2989 quod,
1230 2903 1293 2970 etsi
1308 2902 1351 2971 ab
1368 2901 1454 2972 omni

181 3028 274 3111 parte
305 3023 461 3108 quadrat,
494 3025 604 3087 tamen
634 3020 791 3087 minorem
821 3020 889 3087 fere
917 3019 1017 3088 habet
1039 3021 1195 3107 speciem,
1225 3042 1298 3088 cum
1322 3016 1484 3092 verbnm*

180 3142 364 3211 inusitatius
387 3144 556 3218 ἒιιιιιιιιίειιι
578 3140 705 3207 facilius
729 3140 819 3207 abire
841 3138 983 3224 potuerit
1004 3141 1038 3206 in
1057 3141 1177 3206 ἔπεισαν
1194 3159 1294 3226 quam
1308 3142 1451 3212 invicem

180 3263 293 3331 Vallae
319 3261 538 3344 „suasissent”
563 3282 635 3327 cum
657 3258 815 3326 Vaticano
838 3259 944 3326 facere
969 3257 1087 3327 dixeris
1103 3260 1139 3343 θ).
1484 3214 1496 3337 ,θ

224 3382 249 3473 ξ
271 3385 303 3449 3.
326 3381 419 3467 Vulg.
443 3380 716 3464 παρασκευάζεσθαι
731 3431 737 3444 .
754 3427 806 3444 ...
831 3378 890 3446 ὅθεν
910 3378 947 3445 dtr
966 3379 1113 3445 δύνωνται.
1148 3377 1176 3443 Β
1199 3378 1320 3467 injuria
1334 3368 1454 3449 omittit
1484 3346 1496 3435 θ

179 3501 239 3568 ὅθεν
265 3524 286 3568 a
307 3501 403 3568 Valla
424 3501 615 3586 probatum:
643 3521 760 3581 „nares
784 3500 995 3585 undecunque
1017 3505 1151 3584 possent
1174 3502 1394 3585 comparare.”
1482 3486 1491 3575 i

224 3619 248 3711 ξ
275 3621 306 3687 4.
329 3619 422 3706 Vulg.
445 3620 494 3686 καὶ
519 3622 552 3686 τὸ
575 3620 648 3700 θέρος
673 3618 823 3685 ἐτελεύτα.
846 3619 873 3684 Β
896 3618 1071 3705 posthaec
1093 3616 1326 3687 verbainserit
1349 3627 1451 3703 τοῦτο,

180 3741 267 3824 quod
291 3762 363 3807 cum
387 3739 465 3807 alibi
487 3758 647 3824 nusquam
670 3737 832 3803 addiderit
851 3737 1003 3823 scriptor,
1021 3737 1096 3822 jure
1112 3734 1153 3802 ab
1169 3734 1387 3807 Herwerdeno
1402 3744 1452 3808 est

179 3862 341 3948 rejectum.
386 3861 436 3926 Ex
466 3857 579 3926 Vallae
609 3857 875 3943 interpretatione
909 3861 1026 3942 „atque
1055 3857 1138 3924 haec
1160 3863 1268 3925 aestas
1293 3857 1481 3929 excessit”‘.

179 3981 258 4046 nihil
287 3977 492 4047 statuendum
523 3983 590 4063 est,
623 3998 695 4044 cum
729 3975 825 4043 etiam
861 3973 954 4058 alibi,
991 3973 1047 4040 ubi
1081 3973 1116 4039 in
1148 3973 1240 4042 libris
1268 3980 1450 4062 pronomini
1493 3986 1496 3994 '

211 4307 239 4372 t)
257 4305 289 4358 ct.
307 4304 491 4370 Mnemosyncs
509 4301 542 4354 N.
560 4300 588 4354 S.
604 4299 654 4351 rol.
672 4299 741 4351 xlv.
759 4313 817 4366 pag.
834 4297 891 4348 Iti.

209 4403 238 4470 Β)
255 4402 288 4454 ct.
305 4417 328 4455 c.
344 4399 361 4451 d
378 4399 392 4466 ἓ
409 4398 426 4450 t
442 4399 488 4450 ubi
505 4396 580 4449 Valla
597 4395 711 4447 πιθα-οισι
731 4397 922 4460 interpretatus
939 4399 980 4445 est
996 4397 1209 4461 „persuadere”

1423 4557 1425 4560 ψ
1476 4398 1495 4611 θ

1474 4630 1485 4851 θ
