3000 4920
792 318 836 384 62

222 559 303 627 444444·
335 574 357 626 Β
381 560 431 626 καὶ
456 560 577 642 ’arasa
601 559 687 648 δέκα,
712 564 827 627 contra
848 559 1120 646 computationem
1144 578 1287 625 summae
1306 557 1456 638 navium,
1488 522 1497 579 3

178 686 215 748 ut
238 679 381 747 Stablius
405 680 509 746 docet.
775 664 778 669 ’
1486 660 1497 685 ‚-

221 914 327 1000 Caput
344 917 366 981 4
389 923 409 1002 ξ
428 922 457 987 1.
481 917 573 1004 Vulg.
589 921 618 984 ἐν
633 920 673 996 τῷ
689 925 812 1001 χειμῶνα
828 918 930 1005 τούτῳ,
954 931 977 984 Β
996 920 1025 983 ἕν
1040 921 1081 999 τῷ
1097 919 1191 998 αὐτῷ
1207 922 1332 998 χειμῶνα
1349 916 1454 997 τούτῳ.
1492 933 1498 1006 J

177 1035 259 1114 Quia
284 1037 354 1123 jam
383 1038 549 1122 superiore
574 1037 680 1122 capite
703 1037 833 1104 uberius
857 1037 897 1103 de
919 1038 975 1118 iis,
1008 1058 1091 1122 quae
1119 1038 1180 1104 hac
1206 1037 1313 1104 hieme
1341 1041 1455 1121 gestae
1494 1119 1496 1122 Α

176 1162 264 1233 sunt,
281 1157 377 1223 rebus
394 1156 546 1223 disseruit
562 1156 710 1241 scriptor,
727 1155 814 1223 haud
830 1156 914 1224 male
930 1156 1059 1223 additur
1076 1161 1171 1239 αὐτῷ,
1189 1178 1253 1241 quo
1271 1158 1456 1225 sententiae

176 1275 393 1361 significantia
416 1294 545 1358 quoque
569 1280 734 1359 augeatur.
780 1273 892 1343 Valla:
924 1296 1001 1360 „per
1023 1276 1108 1345 hano
1130 1276 1256 1363 ipsam
1278 1276 1453 1346 hiemem.”
1483 1261 1498 1363 -f

220 1394 301 1461 Ibid.
325 1395 418 1479 Vulg.
441 1393 545 1460 sirtori
571 1419 617 1474 το,
642 1407 664 1459 Β
688 1392 715 1459 εἴ
735 1393 765 1461 τ4
787 1418 851 1461 που.
1488 1460 1491 1467 ,

220 1514 303 1581 Ibid.
328 1512 687 1601 4411]ς.ξνττελλσ’μενα,
711 1512 740 1579 Β
763 1518 838 1580 ante
861 1514 1065 1600 participium
1089 1515 1175 1582 male
1196 1513 1312 1582 inserit
1336 1517 1373 1582 οἱ.
1485 1500 1498 1591 {⁴

220 1634 327 1719 Caput
359 1634 380 1700 5
411 1631 435 1723 ξ
470 1636 497 1698 1.
533 1632 794 1700 animadvertere
825 1634 918 1701 velim
948 1655 1012 1702 non
1040 1655 1116 1701 vera
1138 1635 1245 1702 dicere
1269 1635 1453 1716 Stahlium‚

175 1753 231 1839 qui
262 1752 355 1819 obelo
388 1756 504 1818 notans
535 1757 590 1815 τῶν
616 1754 774 1828 Ἀθηναίων
798 1752 893 1820 docet
916 1752 1044 1820 Vallam
1067 1753 1212 1821 omisisse
1235 1753 1319 1821 haec
1343 1753 1453 1821 verba.
1488 1754 1497 1788 ⁴

175 1873 276 1939 Immo
301 1877 431 1939 exstant
454 1873 539 1956 apud
565 1869 692 1937 Vallaur
709 1878 814 1968 neque
831 1878 1000 1958 tantopere
1015 1874 1186 1958 languent,
1203 1879 1241 1939 ut
1256 1873 1453 1940 damnentur
1487 1853 1493 1929 4

176 2015 308 2060 necesse
340 1994 390 2059 sit.
437 1991 524 2058 Alibi
555 1993 733 2058 sexcenties
764 1993 867 2077 magis
891 1992 1081 2059 offendimur
1104 1992 1287 2059 nominibus
1312 1993 1453 2079 propriis
1485 1962 1498 2051 4

177 2119 307 2198 praeter
331 2112 429 2178 ullam
455 2111 678 2178 necessitatem
702 2111 820 2178 additis
843 2112 1043 2197 iteratisque.

222 2232 245 2323 ξ
270 2235 300 2296 2.
336 2231 428 2316 Vulg.
452 2229 527 2301 ὃς..
545 2279 575 2297 ..
600 2238 685 2295 πκεῖν
711 2230 839 2317 ἔμελλε,
865 2244 887 2296 Β
911 2233 948 2304 ὡς
971 2252 1149 2318 perperam.
1179 2230 1291 2298 Valla:
1320 2231 1453 2316 „quiin
1485 2220 1498 2299 4

179 2352 344 2418 Euboeam
368 2351 473 2416 iturus
497 2348 597 2416 erat.''
1025 2411 1030 2421 .
1484 2330 1493 2443 4

222 2471 246 2562 ξ
270 2474 299 2537 3.
322 2471 415 2556 Vulg.
440 2472 517 2552 ἔχων
540 2473 591 2546 τὴν
615 2473 678 2548 μεθ’
702 2471 821 2549 ἑαυτοῦ,
846 2472 873 2536 Β
895 2492 1043 2556 perverse
1066 2473 1167 2539 αὐτοῦ.
1484 2458 1498 2481 '⁴

222 2590 307 2658 Ibid.
343 2589 436 2674 Vutg.
467 2589 589 2666 δύναμιν
620 2589 679 2669 γὰρ
711 2590 789 2670 ἔχων
820 2589 926 2663 αὐτὸς
954 2591 1143 2672 ἑκασταχόσε
1166 2591 1252 2663 δεινὸς
1277 2601 1385 2672 παρῆν.
1429 2603 1452 2656 Β

177 2710 258 2782 εὐθύς
288 2730 347 2794 pro
377 2710 476 2779 αὐτός.
523 2707 696 2792 Vulgatam
719 2707 798 2774 ferri
821 2729 885 2774 non
907 2730 1003 2793 posse
1026 2708 1115 2776 haud
1137 2710 1276 2778 libenter
1299 2710 1451 2796 dixerim3
1484 2700 1498 2805 4

178 2836 321 2896 attamen
352 2826 530 2893 Vaticanus
563 2832 730 2910 praestare
761 2826 901 2913 uidetur,
927 2828 1004 2912 quia
1026 2828 1217 2910 ἑκασταχόσε
1240 2829 1356 2896 melius
1381 2849 1453 2897 cum
1482 2808 1498 2925 41

178 2959 269 3028 παρῆν
294 2948 435 3033 quadrat
457 2952 587 3031 recepto
614 2968 711 3030 quarn
728 2948 845 3015 omisso
862 2949 1012 3018 adverbio
1032 2949 1127 3030 εὐθύς,
1144 2971 1208 3035 quo
1224 2951 1323 3016 etiam
1339 2971 1451 3037 cansa,
1475 2952 1497 3045 [ἲ

177 3074 311 3154 propter
328 3087 425 3150 quam
441 3065 517 3149 Agis
530 3064 615 3137 δεινὸς
628 3072 722 3150 esset,
736 3066 946 3151 significatur.
964 3068 1060 3136 Valla
1070 3069 1230 3137 consentit
1241 3069 1285 3138 B:
1305 3070 1452 3156 „Quippe
1483 3067 1498 3161 4

178 3188 301 3256 babens
326 3187 518 3271 exercitum,
543 3186 726 3271 protinus
750 3187 931 3270 ubicunque
946 3187 1083 3269 libebat,
1099 3187 1292 3274 imperiosus
1309 3185 1451 3278 aderat''
1482 3170 1498 3299 4

224 3313 243 3391 ξ
274 3309 304 3373 5.
335 3306 429 3391 Vulg.
461 3307 631 3386 ὑπισχνεῖτο
654 3306 761 3387 τροφὴν
784 3305 927 3387 παρέξειν.
974 3307 1162 3392 Interpretis
1186 3328 1318 3375 manum
1341 3329 1452 3395 repre·
1491 3319 1498 3359 “·

179 3428 302 3492 hendas
336 3425 369 3489 in
399 3426 446 3502 Β,
481 3423 535 3489 ubi
566 3430 642 3490 ante
672 3426 781 3504 τροφὴν
812 3425 967 3492 insertum
998 3432 1049 3493 est
1078 3426 1171 3493 futile
1194 3425 1453 3495 additamentum
1483 3484 1489 3517 ,

180 3550 290 3627 taxabo,
323 3546 412 3612 cuius
445 3544 529 3610 vocis
561 3545 651 3608 νοθοία
676 3543 860 3628 agnoscitur
882 3543 994 3609 Vatiae
1017 3543 1302 3633 interpretatione,
1330 3547 1454 3633 inqua
1480 3522 1498 3615 i

184 3664 347 3748 „affatim”
371 3665 390 3731 i.
415 3685 442 3731 e.
467 3664 565 3735 inorbo
590 3662 722 3728 cursivis
744 3662 861 3729 litteris
885 3683 1071 3748 expressum
1094 3665 1144 3733 sit
1496 3663 1498 3671 ’

227 3783 309 3850 Ibid.
335 3782 429 3868 Vulg.
452 3783 617 3864 accurare
640 3780 704 3861 περὶ
728 3781 847 3868 Καρίαν,
872 3786 959 3849 recte
976 3788 1013 3850 ut
1028 3782 1137 3851 Valla:
1160 3783 1351 3871 „perfugam
1369 3787 1455 3854 circa

182 3904 321 3972 Cariam.
344 3902 371 3967 B
395 3904 443 3968 τα
467 3901 540 3982 περί.
1484 3968 1488 3991 ἰ

227 4022 307 4086 Ibid.
331 4020 420 4105 Vulg.
441 4020 457 4096 ἢ
474 4020 569 4099 ζῶντα
585 4016 663 4094 ἄξειν
680 4019 696 4094 ἢ
712 4019 900 4087 ἀποκτείνειν.
924 4020 1141 4088 Heruerdeno
1157 4028 1290 4090 auctore
1309 4023 1454 4091 Stahlius
1482 4014 1488 4107 4

183 4141 399 4208 necessariam
423 4138 490 4205 sere
512 4138 765 4204 emendationem
782 4139 950 4204 ἀποκτενεῖν
966 4141 1000 4205 in
1016 4147 1138 4208 textum
1154 4143 1293 4228 recepit;
1310 4141 1455 4211 futurum

184 4282 204 4325 a
236 4258 329 4324 Valla
352 4280 480 4341 quoque
504 4263 712 4342 usurpatum:
748 4262 825 4335 „aut
847 4263 1053 4343 excepturum
1076 4261 1197 4342 rivum,
1221 4267 1281 4328 aut
1303 4262 1456 4330 interieo·
1483 4286 1494 4351 ,2

184 4377 322 4445 turum”.
367 4378 587 4460 Bperperam
610 4378 789 4440 ἀποκτεῖναν.
1478 4362 1488 4393 ⁴

1481 3302 1498 3484 z——ffi—

1490 4158 1498 4177 1,

1484 4518 1487 4525 -
1482 4396 1498 4461 ·--.=-.-
1480 4126 1498 4325 *⁸2⁸2*-

1483 4441 1498 4495 1,.

1476 4616 1487 4883 4
