<?xml version="1.0" encoding="UTF-8"?>
<!DOCTYPE html PUBLIC "-//W3C//DTD XHTML 1.0 Transitional//EN"
    "http://www.w3.org/TR/xhtml1/DTD/xhtml1-transitional.dtd">
<html xmlns="http://www.w3.org/1999/xhtml" xml:lang="en" lang="en">
 <head>
  <title>
</title>
<meta http-equiv="Content-Type" content="text/html;charset=utf-8" />
  <meta name='ocr-system' content='tesseract 3.04.00' />
  <meta name='ocr-capabilities' content='ocr_page ocr_carea ocr_par ocr_line ocrx_word'/>
</head>
<body>
  <div class='ocr_page' id='page_1' title='image "./dethucydidisvat01vallgoog/dethucydidisvat01vallgoog_0145.png"; bbox 0 0 3000 4920; ppageno 0'>
   <div class='ocr_carea' id='block_1_1' title="bbox 721 337 785 403">
    <p class='ocr_par' dir='ltr' id='par_1_1' title="bbox 721 337 785 403">
     <span class='ocr_line' id='line_1_1' title="bbox 721 337 785 403; baseline 0.031 -2"><span class='ocrx_word' id='word_1_1' title='bbox 721 337 785 403; x_wconf 79' lang='lat'>122</span> 
     </span>
    </p>
   </div>
   <div class='ocr_carea' id='block_1_2' title="bbox 112 573 1385 782">
    <p class='ocr_par' dir='ltr' id='par_1_2' title="bbox 112 573 1385 782">
     <span class='ocr_line' id='line_1_2' title="bbox 112 573 1385 665; baseline -0.002 -20"><span class='ocrx_word' id='word_1_2' title='bbox 112 579 233 665; x_wconf 74' lang='lat' dir='ltr'>fugisse</span> <span class='ocrx_word' id='word_1_3' title='bbox 260 577 452 661; x_wconf 85' lang='lat' dir='ltr'>traduntur,</span> <span class='ocrx_word' id='word_1_4' title='bbox 483 573 540 640; x_wconf 95' lang='lat' dir='ltr'>ubi</span> <span class='ocrx_word' id='word_1_5' title='bbox 562 574 694 642; x_wconf 88' lang='lat' dir='ltr'>taudem</span> <span class='ocrx_word' id='word_1_6' title='bbox 718 573 874 642; x_wconf 78' lang='lat' dir='ltr'><strong>manserit</strong></span> <span class='ocrx_word' id='word_1_7' title='bbox 895 593 1010 658; x_wconf 80' lang='lat' dir='ltr'>rogare</span> <span class='ocrx_word' id='word_1_8' title='bbox 1035 574 1129 641; x_wconf 81' lang='lat' dir='ltr'>velim</span> <span class='ocrx_word' id='word_1_9' title='bbox 1153 574 1264 642; x_wconf 89' lang='lat' dir='ltr'>classis</span> <span class='ocrx_word' id='word_1_10' title='bbox 1288 595 1385 662; x_wconf 88' lang='lat' dir='ltr'>pars,</span> 
     </span>
     <span class='ocr_line' id='line_1_3' title="bbox 112 692 627 782; baseline -0.01 -18"><span class='ocrx_word' id='word_1_11' title='bbox 112 718 196 782; x_wconf 88' lang='lat' dir='ltr'>quae</span> <span class='ocrx_word' id='word_1_12' title='bbox 219 695 358 762; x_wconf 83' lang='lat' dir='ltr'>Lesbum</span> <span class='ocrx_word' id='word_1_13' title='bbox 380 695 452 761; x_wconf 80' lang='lat' dir='ltr'>vela</span> <span class='ocrx_word' id='word_1_14' title='bbox 475 692 627 760; x_wconf 91' lang='lat' dir='ltr'>dedisset.</span> 
     </span>
    </p>
   </div>
   <div class='ocr_carea' id='block_1_3' title="bbox 112 928 1390 1256">
    <p class='ocr_par' dir='ltr' id='par_1_3' title="bbox 112 928 1390 1256">
     <span class='ocr_line' id='line_1_4' title="bbox 159 928 1389 1020; baseline -0.002 -21"><span class='ocrx_word' id='word_1_15' title='bbox 159 932 265 1017; x_wconf 79' lang='lat' dir='ltr'>Caput</span> <span class='ocrx_word' id='word_1_16' title='bbox 291 931 354 999; x_wconf 85' lang='lat'>104</span> <span class='ocrx_word' id='word_1_17' title='bbox 376 928 401 1020; x_wconf 63' lang='grc' dir='ltr'>ἓ</span> <span class='ocrx_word' id='word_1_18' title='bbox 425 933 454 996; x_wconf 80' lang='grc'>2.</span> <span class='ocrx_word' id='word_1_19' title='bbox 478 932 501 995; x_wconf 87' lang='lat' dir='ltr'>ci</span> <span class='ocrx_word' id='word_1_20' title='bbox 526 932 580 1006; x_wconf 79' lang='grc' dir='ltr'><em>μὲν</em></span> <span class='ocrx_word' id='word_1_21' title='bbox 604 930 749 1007; x_wconf 76' lang='grc' dir='ltr'><em>Ἀθηναῖοι</em></span> <span class='ocrx_word' id='word_1_22' title='bbox 766 979 860 1012; x_wconf 84' lang='grc'><strong>....,</strong></span> <span class='ocrx_word' id='word_1_23' title='bbox 879 940 942 1006; x_wconf 74' lang='grc' dir='ltr'><em>νῆες</em></span> <span class='ocrx_word' id='word_1_24' title='bbox 964 930 1004 1009; x_wconf 79' lang='grc' dir='ltr'>ἓξ</span> <span class='ocrx_word' id='word_1_25' title='bbox 1027 933 1085 998; x_wconf 82' lang='grc' dir='ltr'>καὶ</span> <span class='ocrx_word' id='word_1_26' title='bbox 1108 932 1342 1010; x_wconf 71' lang='grc' dir='ltr'><em>ὀγδοήκοντα,</em></span> <span class='ocrx_word' id='word_1_27' title='bbox 1363 934 1389 997; x_wconf 79' lang='grc' dir='ltr'>οἱ</span> 
     </span>
     <span class='ocr_line' id='line_1_5' title="bbox 112 1051 1390 1138; baseline -0.002 -19"><span class='ocrx_word' id='word_1_28' title='bbox 112 1054 138 1119; x_wconf 81' lang='grc' dir='ltr'>δ’</span> <span class='ocrx_word' id='word_1_29' title='bbox 169 1051 208 1118; x_wconf 85' lang='grc' dir='ltr'>αὖ</span> <span class='ocrx_word' id='word_1_30' title='bbox 237 1052 455 1126; x_wconf 79' lang='grc' dir='ltr'><em>Πελοποννήσιοι</em></span> <span class='ocrx_word' id='word_1_31' title='bbox 578 1053 665 1117; x_wconf 85' lang='grc' dir='ltr'><em>ύκτὼ</em></span> <span class='ocrx_word' id='word_1_32' title='bbox 700 1059 777 1125; x_wconf 74' lang='grc' dir='ltr'><em>νῆες</em></span> <span class='ocrx_word' id='word_1_33' title='bbox 808 1051 869 1115; x_wconf 76' lang='grc' dir='ltr'>καὶ</span> <span class='ocrx_word' id='word_1_34' title='bbox 892 1051 1076 1128; x_wconf 71' lang='grc' dir='ltr'><em>ἑξήκοντα.</em></span> <span class='ocrx_word' id='word_1_35' title='bbox 1113 1051 1166 1118; x_wconf 89' lang='lat' dir='ltr'>Sic</span> <span class='ocrx_word' id='word_1_36' title='bbox 1187 1052 1300 1138; x_wconf 86' lang='lat' dir='ltr'>vulgo,</span> <span class='ocrx_word' id='word_1_37' title='bbox 1325 1051 1390 1118; x_wconf 86' lang='lat' dir='ltr'>nisi</span> 
     </span>
     <span class='ocr_line' id='line_1_6' title="bbox 113 1166 1390 1256; baseline -0.003 -18"><span class='ocrx_word' id='word_1_38' title='bbox 113 1170 201 1256; x_wconf 89' lang='lat' dir='ltr'>quod</span> <span class='ocrx_word' id='word_1_39' title='bbox 231 1169 258 1234; x_wconf 94' lang='lat' dir='ltr'>B</span> <span class='ocrx_word' id='word_1_40' title='bbox 290 1175 324 1236; x_wconf 91' lang='lat' dir='ltr'>et</span> <span class='ocrx_word' id='word_1_41' title='bbox 353 1168 498 1235; x_wconf 88' lang='lat' dir='ltr'>nonnulli</span> <span class='ocrx_word' id='word_1_42' title='bbox 528 1169 584 1236; x_wconf 90' lang='lat' dir='ltr'>alii</span> <span class='ocrx_word' id='word_1_43' title='bbox 607 1169 685 1235; x_wconf 86' lang='lat' dir='ltr'>libri</span> <span class='ocrx_word' id='word_1_44' title='bbox 707 1166 950 1236; x_wconf 81' lang='lat' dir='ltr'>Atheniensium</span> <span class='ocrx_word' id='word_1_45' title='bbox 974 1190 1070 1236; x_wconf 82' lang='lat' dir='ltr'>naves</span> <span class='ocrx_word' id='word_1_46' title='bbox 1094 1169 1238 1235; x_wconf 91' lang='lat' dir='ltr'>referunt</span> <span class='ocrx_word' id='word_1_47' title='bbox 1259 1170 1390 1247; x_wconf 70' lang='grc' dir='ltr'><em>ἑβδομή-</em></span> 
     </span>
    </p>
   </div>
   <div class='ocr_carea' id='block_1_4' title="bbox 7 1285 1392 1372">
    <p class='ocr_par' dir='ltr' id='par_1_4' title="bbox 7 1285 1392 1372">
     <span class='ocr_line' id='line_1_7' title="bbox 7 1285 1392 1372; baseline 0.002 -23"><span class='ocrx_word' id='word_1_48' title='bbox 7 1345 9 1349; x_wconf 74' lang='grc'><strong>,</strong></span> <span class='ocrx_word' id='word_1_49' title='bbox 114 1313 212 1354; x_wconf 89' lang='grc' dir='ltr'><em>κοντα.</em></span> <span class='ocrx_word' id='word_1_50' title='bbox 247 1287 342 1354; x_wconf 86' lang='lat' dir='ltr'>Valla</span> <span class='ocrx_word' id='word_1_51' title='bbox 372 1285 541 1353; x_wconf 85' lang='lat' dir='ltr'>verborum</span> <span class='ocrx_word' id='word_1_52' title='bbox 572 1286 718 1353; x_wconf 83' lang='lat' dir='ltr'>ordinem</span> <span class='ocrx_word' id='word_1_53' title='bbox 749 1288 884 1354; x_wconf 85' lang='lat' dir='ltr'>mutarit</span> <span class='ocrx_word' id='word_1_54' title='bbox 916 1288 1079 1372; x_wconf 77' lang='lat' dir='ltr'>traditque</span> <span class='ocrx_word' id='word_1_55' title='bbox 1110 1289 1200 1372; x_wconf 92' lang='lat' dir='ltr'>prius</span> <span class='ocrx_word' id='word_1_56' title='bbox 1229 1286 1392 1372; x_wconf 90' lang='lat' dir='ltr'>Pelopon·</span> 
     </span>
    </p>
   </div>
   <div class='ocr_carea' id='block_1_5' title="bbox 114 1404 1395 2794">
    <p class='ocr_par' dir='ltr' id='par_1_5' title="bbox 114 1404 1394 1967">
     <span class='ocr_line' id='line_1_8' title="bbox 114 1404 1391 1491; baseline -0.001 -18"><span class='ocrx_word' id='word_1_57' title='bbox 114 1406 275 1473; x_wconf 85' lang='lat' dir='ltr'>nesiorum</span> <span class='ocrx_word' id='word_1_58' title='bbox 306 1405 434 1470; x_wconf 86' lang='lat' dir='ltr'>navium</span> <span class='ocrx_word' id='word_1_59' title='bbox 464 1426 648 1483; x_wconf 86' lang='lat' dir='ltr'>numerum,</span> <span class='ocrx_word' id='word_1_60' title='bbox 680 1404 797 1471; x_wconf 90' lang='lat' dir='ltr'>deinde</span> <span class='ocrx_word' id='word_1_61' title='bbox 828 1407 1070 1473; x_wconf 83' lang='lat' dir='ltr'>Atheniensium</span> <span class='ocrx_word' id='word_1_62' title='bbox 1104 1413 1136 1472; x_wconf 91' lang='lat' dir='ltr'>et</span> <span class='ocrx_word' id='word_1_63' title='bbox 1167 1406 1296 1491; x_wconf 92' lang='lat' dir='ltr'>quidem</span> <span class='ocrx_word' id='word_1_64' title='bbox 1323 1406 1391 1472; x_wconf 91' lang='lat' dir='ltr'>illis</span> 
     </span>
     <span class='ocr_line' id='line_1_9' title="bbox 114 1523 1392 1608; baseline 0.001 -18"><span class='ocrx_word' id='word_1_65' title='bbox 114 1546 187 1590; x_wconf 89' lang='lat' dir='ltr'>cum</span> <span class='ocrx_word' id='word_1_66' title='bbox 219 1523 347 1608; x_wconf 83' lang='lat' dir='ltr'>vulgata</span> <span class='ocrx_word' id='word_1_67' title='bbox 377 1523 568 1589; x_wconf 88' lang='lat' dir='ltr'>adnumerat</span> <span class='ocrx_word' id='word_1_68' title='bbox 598 1525 658 1600; x_wconf 84' lang='grc'>68,</span> <span class='ocrx_word' id='word_1_69' title='bbox 682 1524 732 1589; x_wconf 92' lang='lat' dir='ltr'>his</span> <span class='ocrx_word' id='word_1_70' title='bbox 756 1531 865 1590; x_wconf 87' lang='lat' dir='ltr'>autem</span> <span class='ocrx_word' id='word_1_71' title='bbox 890 1525 943 1590; x_wconf 88' lang='lat'>86.</span> <span class='ocrx_word' id='word_1_72' title='bbox 989 1524 1075 1603; x_wconf 83' lang='lat' dir='ltr'>Quot</span> <span class='ocrx_word' id='word_1_73' title='bbox 1099 1532 1207 1592; x_wconf 83' lang='lat' dir='ltr'>temen</span> <span class='ocrx_word' id='word_1_74' title='bbox 1230 1546 1330 1591; x_wconf 84' lang='lat' dir='ltr'>naves</span> <span class='ocrx_word' id='word_1_75' title='bbox 1353 1547 1392 1592; x_wconf 93' lang='lat' dir='ltr'>re</span> 
     </span>
     <span class='ocr_line' id='line_1_10' title="bbox 115 1642 1391 1729; baseline 0 -18"><span class='ocrx_word' id='word_1_76' title='bbox 115 1665 190 1711; x_wconf 86' lang='lat' dir='ltr'>vera</span> <span class='ocrx_word' id='word_1_77' title='bbox 213 1642 437 1709; x_wconf 82' lang='lat' dir='ltr'>attribuendae</span> <span class='ocrx_word' id='word_1_78' title='bbox 460 1643 525 1708; x_wconf 89' lang='lat' dir='ltr'>sint</span> <span class='ocrx_word' id='word_1_79' title='bbox 548 1643 676 1726; x_wconf 89' lang='lat' dir='ltr'>utrique</span> <span class='ocrx_word' id='word_1_80' title='bbox 700 1643 820 1727; x_wconf 91' lang='lat' dir='ltr'>populo</span> <span class='ocrx_word' id='word_1_81' title='bbox 844 1643 1021 1722; x_wconf 88' lang='lat' dir='ltr'>nescimus,</span> <span class='ocrx_word' id='word_1_82' title='bbox 1044 1664 1116 1709; x_wconf 92' lang='lat' dir='ltr'>cum</span> <span class='ocrx_word' id='word_1_83' title='bbox 1136 1645 1273 1728; x_wconf 82' lang='lat' dir='ltr'>scriptor</span> <span class='ocrx_word' id='word_1_84' title='bbox 1290 1644 1391 1729; x_wconf 87' lang='lat' dir='ltr'>paulo</span> 
     </span>
     <span class='ocr_line' id='line_1_11' title="bbox 119 1760 1393 1852; baseline 0 -23"><span class='ocrx_word' id='word_1_85' title='bbox 119 1761 330 1848; x_wconf 83' lang='lat' dir='ltr'>negligentius</span> <span class='ocrx_word' id='word_1_86' title='bbox 353 1761 415 1826; x_wconf 89' lang='lat' dir='ltr'>bac</span> <span class='ocrx_word' id='word_1_87' title='bbox 438 1761 478 1827; x_wconf 93' lang='lat' dir='ltr'>de</span> <span class='ocrx_word' id='word_1_88' title='bbox 501 1782 537 1826; x_wconf 91' lang='lat' dir='ltr'>re</span> <span class='ocrx_word' id='word_1_89' title='bbox 560 1783 619 1828; x_wconf 89' lang='lat' dir='ltr'>uos</span> <span class='ocrx_word' id='word_1_90' title='bbox 642 1762 757 1828; x_wconf 87' lang='lat' dir='ltr'>doceat</span> <span class='ocrx_word' id='word_1_91' title='bbox 781 1760 834 1840; x_wconf 84' lang='lat' dir='ltr'>(cf.</span> <span class='ocrx_word' id='word_1_92' title='bbox 859 1784 885 1828; x_wconf 85' lang='lat' dir='ltr'>o.</span> <span class='ocrx_word' id='word_1_93' title='bbox 910 1764 974 1828; x_wconf 84' lang='lat'>103</span> <span class='ocrx_word' id='word_1_94' title='bbox 997 1761 1022 1852; x_wconf 63' lang='grc' dir='ltr'>ξ</span> <span class='ocrx_word' id='word_1_95' title='bbox 1043 1763 1136 1835; x_wconf 61' lang='lat' dir='ltr'>hrota</span> <span class='ocrx_word' id='word_1_96' title='bbox 1152 1766 1185 1828; x_wconf 83' lang='grc' dir='ltr'>ἐκ</span> <span class='ocrx_word' id='word_1_97' title='bbox 1200 1764 1393 1844; x_wconf 76' lang='grc' dir='ltr'><em>τῆοἼμβρον</em></span> 
     </span>
     <span class='ocr_line' id='line_1_12' title="bbox 116 1877 1394 1967; baseline 0.003 -21"><span class='ocrx_word' id='word_1_98' title='bbox 116 1879 181 1946; x_wconf 73' lang='lat' dir='ltr'>duat</span> <span class='ocrx_word' id='word_1_99' title='bbox 216 1877 389 1962; x_wconf 71' lang='grc' dir='ltr'><strong><em>κατέφυγον</em></strong></span> <span class='ocrx_word' id='word_1_100' title='bbox 422 1877 588 1959; x_wconf 68' lang='grc' dir='ltr'><em>κομίζονται</em></span> <span class='ocrx_word' id='word_1_101' title='bbox 623 1886 753 1964; x_wconf 80' lang='lat' dir='ltr'>narrat3</span> <span class='ocrx_word' id='word_1_102' title='bbox 788 1900 955 1945; x_wconf 88' lang='lat' dir='ltr'>numerum</span> <span class='ocrx_word' id='word_1_103' title='bbox 984 1888 1094 1947; x_wconf 89' lang='lat' dir='ltr'>autem</span> <span class='ocrx_word' id='word_1_104' title='bbox 1126 1881 1394 1967; x_wconf 83' lang='lat' dir='ltr'>condiscimus).</span> 
     </span>
    </p>

    <p class='ocr_par' dir='ltr' id='par_1_6' title="bbox 116 1995 1395 2557">
     <span class='ocr_line' id='line_1_13' title="bbox 161 1995 1395 2087; baseline 0.003 -26"><span class='ocrx_word' id='word_1_105' title='bbox 161 1996 185 2087; x_wconf 63' lang='grc' dir='ltr'>ξ</span> <span class='ocrx_word' id='word_1_106' title='bbox 209 1998 239 2061; x_wconf 87' lang='lat'>3.</span> <span class='ocrx_word' id='word_1_107' title='bbox 272 1996 367 2080; x_wconf 86' lang='lat' dir='ltr'>Vulg.</span> <span class='ocrx_word' id='word_1_108' title='bbox 390 1996 475 2073; x_wconf 79' lang='grc' dir='ltr'><em>κέρας</em></span> <span class='ocrx_word' id='word_1_109' title='bbox 498 1995 527 2060; x_wconf 77' lang='grc' dir='ltr'>δὲ</span> <span class='ocrx_word' id='word_1_110' title='bbox 549 2003 609 2068; x_wconf 85' lang='grc' dir='ltr'><em>τοῖς</em></span> <span class='ocrx_word' id='word_1_111' title='bbox 632 1997 688 2072; x_wconf 81' lang='grc' dir='ltr'><em>μὲν</em></span> <span class='ocrx_word' id='word_1_112' title='bbox 710 1998 943 2073; x_wconf 67' lang='grc' dir='ltr'><em>Πελοποννησίοις</em></span> <span class='ocrx_word' id='word_1_113' title='bbox 967 1995 1048 2078; x_wconf 78' lang='grc' dir='ltr'><em>εἶχον</em></span> <span class='ocrx_word' id='word_1_114' title='bbox 1074 1997 1107 2062; x_wconf 79' lang='grc' dir='ltr'><em>τὸ</em></span> <span class='ocrx_word' id='word_1_115' title='bbox 1130 1999 1199 2076; x_wconf 77' lang='grc' dir='ltr'><em>μὲν</em></span> <span class='ocrx_word' id='word_1_116' title='bbox 1221 1997 1311 2075; x_wconf 74' lang='grc' dir='ltr'><em>δεξιὸν</em></span> <span class='ocrx_word' id='word_1_117' title='bbox 1337 2011 1395 2066; x_wconf 89' lang='grc' dir='ltr'>Σο-</span> 
     </span>
     <span class='ocr_line' id='line_1_14' title="bbox 116 2114 1395 2202; baseline 0.005 -22"><span class='ocrx_word' id='word_1_118' title='bbox 116 2117 250 2197; x_wconf 86' lang='grc' dir='ltr'><em>ρακύσιοι.</em></span> <span class='ocrx_word' id='word_1_119' title='bbox 285 2115 311 2180; x_wconf 91' lang='grc' dir='ltr'>Β</span> <span class='ocrx_word' id='word_1_120' title='bbox 335 2115 454 2201; x_wconf 80' lang='lat' dir='ltr'>injuria</span> <span class='ocrx_word' id='word_1_121' title='bbox 477 2114 596 2181; x_wconf 83' lang='lat' dir='ltr'>omittit</span> <span class='ocrx_word' id='word_1_122' title='bbox 610 2115 747 2181; x_wconf 78' lang='lat' dir='ltr'>alterum</span> <span class='ocrx_word' id='word_1_123' title='bbox 763 2115 835 2192; x_wconf 77' lang='grc' dir='ltr'><em>μέν,</em></span> <span class='ocrx_word' id='word_1_124' title='bbox 856 2115 908 2181; x_wconf 88' lang='lat' dir='ltr'>cui</span> <span class='ocrx_word' id='word_1_125' title='bbox 923 2116 1097 2202; x_wconf 80' lang='lat' dir='ltr'>opponitur</span> <span class='ocrx_word' id='word_1_126' title='bbox 1112 2117 1142 2180; x_wconf 75' lang='grc' dir='ltr'>δὲ</span> <span class='ocrx_word' id='word_1_127' title='bbox 1158 2117 1192 2181; x_wconf 90' lang='lat' dir='ltr'>in</span> <span class='ocrx_word' id='word_1_128' title='bbox 1207 2117 1240 2181; x_wconf 80' lang='grc' dir='ltr'><em>τύ</em></span> <span class='ocrx_word' id='word_1_129' title='bbox 1252 2117 1277 2182; x_wconf 75' lang='grc' dir='ltr'>δ’</span> <span class='ocrx_word' id='word_1_130' title='bbox 1289 2117 1395 2199; x_wconf 74' lang='grc' dir='ltr'><em>ἕτερον.</em></span> 
     </span>
     <span class='ocr_line' id='line_1_15' title="bbox 119 2233 1395 2322; baseline 0.005 -23"><span class='ocrx_word' id='word_1_131' title='bbox 119 2234 215 2301; x_wconf 90' lang='lat' dir='ltr'>Haud</span> <span class='ocrx_word' id='word_1_132' title='bbox 239 2233 335 2300; x_wconf 89' lang='lat' dir='ltr'>dubie</span> <span class='ocrx_word' id='word_1_133' title='bbox 358 2234 550 2318; x_wconf 88' lang='lat' dir='ltr'>particulam</span> <span class='ocrx_word' id='word_1_134' title='bbox 574 2255 786 2319; x_wconf 84' lang='lat' dir='ltr'>supervacare</span> <span class='ocrx_word' id='word_1_135' title='bbox 808 2235 935 2320; x_wconf 84' lang='lat' dir='ltr'>putavit</span> <span class='ocrx_word' id='word_1_136' title='bbox 957 2241 1120 2302; x_wconf 89' lang='lat' dir='ltr'>corrector</span> <span class='ocrx_word' id='word_1_137' title='bbox 1143 2242 1277 2322; x_wconf 88' lang='lat' dir='ltr'>propter</span> <span class='ocrx_word' id='word_1_138' title='bbox 1301 2237 1395 2322; x_wconf 84' lang='lat' dir='ltr'>prius</span> 
     </span>
     <span class='ocr_line' id='line_1_16' title="bbox 117 2351 1395 2441; baseline 0.005 -25"><span class='ocrx_word' id='word_1_139' title='bbox 117 2351 188 2432; x_wconf 81' lang='grc' dir='ltr'><em>μέν,</em></span> <span class='ocrx_word' id='word_1_140' title='bbox 219 2351 306 2436; x_wconf 91' lang='lat' dir='ltr'>quod</span> <span class='ocrx_word' id='word_1_141' title='bbox 336 2356 444 2418; x_wconf 87' lang='lat' dir='ltr'>tamen</span> <span class='ocrx_word' id='word_1_142' title='bbox 478 2356 603 2436; x_wconf 86' lang='lat' dir='ltr'>spectat</span> <span class='ocrx_word' id='word_1_143' title='bbox 633 2355 675 2419; x_wconf 88' lang='lat' dir='ltr'>ad</span> <span class='ocrx_word' id='word_1_144' title='bbox 708 2354 867 2428; x_wconf 69' lang='grc' dir='ltr'><em>Ἀθηναίοις</em></span> <span class='ocrx_word' id='word_1_145' title='bbox 890 2355 930 2421; x_wconf 77' lang='grc' dir='ltr'>δέ.</span> <span class='ocrx_word' id='word_1_146' title='bbox 965 2354 1059 2422; x_wconf 87' lang='lat' dir='ltr'>Valla</span> <span class='ocrx_word' id='word_1_147' title='bbox 1082 2375 1141 2422; x_wconf 92' lang='lat' dir='ltr'>nos</span> <span class='ocrx_word' id='word_1_148' title='bbox 1164 2355 1205 2420; x_wconf 94' lang='lat' dir='ltr'>de</span> <span class='ocrx_word' id='word_1_149' title='bbox 1229 2355 1395 2441; x_wconf 80' lang='lat' dir='ltr'>scriptura</span> 
     </span>
     <span class='ocr_line' id='line_1_17' title="bbox 117 2470 627 2557; baseline -0.002 -19"><span class='ocrx_word' id='word_1_150' title='bbox 117 2472 270 2538; x_wconf 82' lang='lat' dir='ltr'>certiores</span> <span class='ocrx_word' id='word_1_151' title='bbox 293 2470 400 2538; x_wconf 86' lang='lat' dir='ltr'>facere</span> <span class='ocrx_word' id='word_1_152' title='bbox 423 2492 487 2537; x_wconf 90' lang='lat' dir='ltr'>non</span> <span class='ocrx_word' id='word_1_153' title='bbox 510 2477 627 2557; x_wconf 90' lang='lat' dir='ltr'>potest.</span> 
     </span>
    </p>

    <p class='ocr_par' dir='ltr' id='par_1_7' title="bbox 118 2589 1389 2794">
     <span class='ocr_line' id='line_1_18' title="bbox 162 2589 1389 2674; baseline 0.004 -19"><span class='ocrx_word' id='word_1_154' title='bbox 162 2590 244 2655; x_wconf 88' lang='lat' dir='ltr'>Ibid.</span> <span class='ocrx_word' id='word_1_155' title='bbox 269 2589 360 2674; x_wconf 86' lang='lat' dir='ltr'>Vulg.</span> <span class='ocrx_word' id='word_1_156' title='bbox 384 2592 397 2654; x_wconf 83' lang='grc' dir='ltr'><strong><em>ὁ</em></strong></span> <span class='ocrx_word' id='word_1_157' title='bbox 421 2590 451 2654; x_wconf 76' lang='grc' dir='ltr'><em>δε</em></span> <span class='ocrx_word' id='word_1_158' title='bbox 475 2589 682 2668; x_wconf 77' lang='grc' dir='ltr'><em>Θρασύβουλος</em></span> <span class='ocrx_word' id='word_1_159' title='bbox 705 2590 739 2655; x_wconf 78' lang='grc' dir='ltr'><em>τὸ</em></span> <span class='ocrx_word' id='word_1_160' title='bbox 762 2590 860 2668; x_wconf 74' lang='grc' dir='ltr'><em>δεξιάν.</em></span> <span class='ocrx_word' id='word_1_161' title='bbox 897 2604 919 2657; x_wconf 94' lang='grc' dir='ltr'>Β</span> <span class='ocrx_word' id='word_1_162' title='bbox 942 2592 975 2657; x_wconf 82' lang='grc' dir='ltr'><em>τὸ</em></span> <span class='ocrx_word' id='word_1_163' title='bbox 998 2593 1027 2656; x_wconf 80' lang='grc' dir='ltr'>δὲ</span> <span class='ocrx_word' id='word_1_164' title='bbox 1050 2591 1139 2668; x_wconf 77' lang='grc' dir='ltr'><em>δεξιὸν</em></span> <span class='ocrx_word' id='word_1_165' title='bbox 1163 2594 1389 2672; x_wconf 74' lang='grc' dir='ltr'><em>Θρασύβουλος.</em></span> 
     </span>
     <span class='ocr_line' id='line_1_19' title="bbox 118 2706 655 2794; baseline 0.004 -22"><span class='ocrx_word' id='word_1_166' title='bbox 118 2707 211 2774; x_wconf 86' lang='lat' dir='ltr'>Valla</span> <span class='ocrx_word' id='word_1_167' title='bbox 237 2706 404 2788; x_wconf 87' lang='lat' dir='ltr'>„dextrum</span> <span class='ocrx_word' id='word_1_168' title='bbox 428 2707 655 2794; x_wconf 86' lang='lat' dir='ltr'>Thrasybulus.</span> 
     </span>
    </p>
   </div>
   <div class='ocr_carea' id='block_1_6' title="bbox 50 2945 1392 4451">
    <p class='ocr_par' dir='ltr' id='par_1_8' title="bbox 50 2945 1392 3859">
     <span class='ocr_line' id='line_1_20' title="bbox 50 2945 1390 3037; baseline 0.003 -26"><span class='ocrx_word' id='word_1_169' title='bbox 50 2976 52 2981; x_wconf 38' lang='lat' dir='ltr'>s</span> <span class='ocrx_word' id='word_1_170' title='bbox 162 2945 268 3029; x_wconf 81' lang='lat' dir='ltr'>Caput</span> <span class='ocrx_word' id='word_1_171' title='bbox 293 2945 357 3012; x_wconf 83' lang='lat'>105</span> <span class='ocrx_word' id='word_1_172' title='bbox 378 2946 403 3037; x_wconf 66' lang='grc' dir='ltr'>ξ</span> <span class='ocrx_word' id='word_1_173' title='bbox 427 2947 456 3010; x_wconf 80' lang='grc'>2.</span> <span class='ocrx_word' id='word_1_174' title='bbox 479 2945 572 3031; x_wconf 79' lang='lat' dir='ltr'>Vulg.</span> <span class='ocrx_word' id='word_1_175' title='bbox 596 2947 660 3023; x_wconf 72' lang='lat' dir='ltr'>apia</span> <span class='ocrx_word' id='word_1_176' title='bbox 684 2949 708 3011; x_wconf 87' lang='lat' dir='ltr'>oi</span> <span class='ocrx_word' id='word_1_177' title='bbox 731 2950 948 3025; x_wconf 71' lang='grc' dir='ltr'><em>Πελοποννήσιοι</em></span> <span class='ocrx_word' id='word_1_178' title='bbox 965 2951 1014 3014; x_wconf 75' lang='grc' dir='ltr'><em>διαὶ</em></span> <span class='ocrx_word' id='word_1_179' title='bbox 1029 2950 1061 3014; x_wconf 83' lang='grc' dir='ltr'><em>τὸ</em></span> <span class='ocrx_word' id='word_1_180' title='bbox 1078 2953 1279 3030; x_wconf 71' lang='grc' dir='ltr'><em>κρατήσαντες</em></span> <span class='ocrx_word' id='word_1_181' title='bbox 1296 2952 1390 3024; x_wconf 71' lang='grc' dir='ltr'><em>ἀδεῶς</em></span> 
     </span>
     <span class='ocr_line' id='line_1_21' title="bbox 117 3060 1392 3151; baseline 0.006 -25"><span class='ocrx_word' id='word_1_182' title='bbox 117 3060 203 3129; x_wconf 75' lang='grc' dir='ltr'><em>ἄλλον</em></span> <span class='ocrx_word' id='word_1_183' title='bbox 226 3061 322 3139; x_wconf 72' lang='lat' dir='ltr'>citano</span> <span class='ocrx_word' id='word_1_184' title='bbox 345 3069 415 3129; x_wconf 83' lang='grc' dir='ltr'><em>ναῦν</em></span> <span class='ocrx_word' id='word_1_185' title='bbox 439 3064 570 3129; x_wconf 75' lang='grc' dir='ltr'>διώκειν</span> <span class='ocrx_word' id='word_1_186' title='bbox 594 3064 714 3144; x_wconf 76' lang='grc' dir='ltr'><em>ἤρξαντο</em></span> <span class='ocrx_word' id='word_1_187' title='bbox 740 3069 818 3146; x_wconf 81' lang='grc' dir='ltr'><em>ριέρει</em></span> <span class='ocrx_word' id='word_1_188' title='bbox 841 3067 896 3133; x_wconf 79' lang='grc' dir='ltr'><em>τινὶ</em></span> <span class='ocrx_word' id='word_1_189' title='bbox 922 3073 1005 3151; x_wconf 81' lang='grc' dir='ltr'><em>σφῶν</em></span> <span class='ocrx_word' id='word_1_190' title='bbox 1029 3066 1219 3147; x_wconf 84' lang='grc' dir='ltr'><em>ύτακτύτεροι</em></span> <span class='ocrx_word' id='word_1_191' title='bbox 1245 3069 1392 3146; x_wconf 72' lang='grc' dir='ltr'><em>γενέσθαι.</em></span> 
     </span>
     <span class='ocr_line' id='line_1_22' title="bbox 118 3180 1391 3274; baseline 0.006 -29"><span class='ocrx_word' id='word_1_192' title='bbox 118 3181 224 3247; x_wconf 90' lang='lat' dir='ltr'>Recte.</span> <span class='ocrx_word' id='word_1_193' title='bbox 248 3180 413 3259; x_wconf 82' lang='lat' dir='ltr'>Quomodo</span> <span class='ocrx_word' id='word_1_194' title='bbox 436 3203 551 3266; x_wconf 85' lang='lat' dir='ltr'>graece</span> <span class='ocrx_word' id='word_1_195' title='bbox 575 3184 639 3250; x_wconf 86' lang='lat' dir='ltr'>dici</span> <span class='ocrx_word' id='word_1_196' title='bbox 661 3186 766 3268; x_wconf 90' lang='lat' dir='ltr'>possit</span> <span class='ocrx_word' id='word_1_197' title='bbox 788 3186 891 3251; x_wconf 76' lang='grc' dir='ltr'><em>διὰτὸ</em></span> <span class='ocrx_word' id='word_1_198' title='bbox 913 3189 1112 3264; x_wconf 73' lang='grc' dir='ltr'><em>κρατήσοντες</em></span> <span class='ocrx_word' id='word_1_199' title='bbox 1138 3205 1204 3253; x_wconf 91' lang='lat' dir='ltr'>nou</span> <span class='ocrx_word' id='word_1_200' title='bbox 1219 3187 1391 3274; x_wconf 84' lang='lat' dir='ltr'>intellego,</span> 
     </span>
     <span class='ocr_line' id='line_1_23' title="bbox 117 3300 1392 3392; baseline 0.005 -27"><span class='ocrx_word' id='word_1_201' title='bbox 117 3300 253 3384; x_wconf 90' lang='lat' dir='ltr'>ideoque</span> <span class='ocrx_word' id='word_1_202' title='bbox 283 3322 354 3366; x_wconf 88' lang='lat' dir='ltr'>cum</span> <span class='ocrx_word' id='word_1_203' title='bbox 384 3301 514 3384; x_wconf 80' lang='lat' dir='ltr'>vulgata</span> <span class='ocrx_word' id='word_1_204' title='bbox 545 3302 653 3368; x_wconf 89' lang='lat' dir='ltr'>malim</span> <span class='ocrx_word' id='word_1_205' title='bbox 685 3305 823 3370; x_wconf 89' lang='lat' dir='ltr'>retinere</span> <span class='ocrx_word' id='word_1_206' title='bbox 854 3304 978 3382; x_wconf 75' lang='grc' dir='ltr'><em>διώκειν,</em></span> <span class='ocrx_word' id='word_1_207' title='bbox 1011 3326 1109 3390; x_wconf 85' lang='lat' dir='ltr'>quam</span> <span class='ocrx_word' id='word_1_208' title='bbox 1143 3305 1276 3373; x_wconf 89' lang='lat' dir='ltr'>credere</span> <span class='ocrx_word' id='word_1_209' title='bbox 1299 3326 1392 3392; x_wconf 81' lang='lat' dir='ltr'>pree·</span> 
     </span>
     <span class='ocr_line' id='line_1_24' title="bbox 119 3420 1392 3493; baseline 0.006 -9"><span class='ocrx_word' id='word_1_210' title='bbox 119 3420 259 3486; x_wconf 88' lang='lat' dir='ltr'>stantiae</span> <span class='ocrx_word' id='word_1_211' title='bbox 293 3420 440 3486; x_wconf 86' lang='lat' dir='ltr'>lectionis</span> <span class='ocrx_word' id='word_1_212' title='bbox 473 3420 618 3493; x_wconf 76' lang='grc' dir='ltr'><em>διώκοντες</em></span> <span class='ocrx_word' id='word_1_213' title='bbox 653 3422 687 3487; x_wconf 96' lang='lat' dir='ltr'>in</span> <span class='ocrx_word' id='word_1_214' title='bbox 718 3421 809 3489; x_wconf 90' lang='lat' dir='ltr'>libris</span> <span class='ocrx_word' id='word_1_215' title='bbox 840 3425 1002 3490; x_wconf 92' lang='lat' dir='ltr'>nonnullis</span> <span class='ocrx_word' id='word_1_216' title='bbox 1030 3427 1118 3491; x_wconf 91' lang='lat' dir='ltr'>etin</span> <span class='ocrx_word' id='word_1_217' title='bbox 1141 3425 1301 3492; x_wconf 88' lang='lat' dir='ltr'>Vaticano</span> <span class='ocrx_word' id='word_1_218' title='bbox 1325 3432 1392 3492; x_wconf 88' lang='lat' dir='ltr'>tra·</span> 
     </span>
     <span class='ocr_line' id='line_1_25' title="bbox 119 3534 1390 3627; baseline 0.005 -26"><span class='ocrx_word' id='word_1_219' title='bbox 119 3537 213 3602; x_wconf 87' lang='lat' dir='ltr'>ditae.</span> <span class='ocrx_word' id='word_1_220' title='bbox 245 3536 341 3602; x_wconf 89' lang='lat' dir='ltr'>Valla</span> <span class='ocrx_word' id='word_1_221' title='bbox 369 3534 516 3604; x_wconf 92' lang='lat' dir='ltr'>liberius:</span> <span class='ocrx_word' id='word_1_222' title='bbox 556 3538 678 3616; x_wconf 87' lang='lat' dir='ltr'>„donec</span> <span class='ocrx_word' id='word_1_223' title='bbox 709 3539 981 3623; x_wconf 90' lang='lat' dir='ltr'>Peloponnenses,</span> <span class='ocrx_word' id='word_1_224' title='bbox 1020 3540 1098 3607; x_wconf 89' lang='lat' dir='ltr'>dum</span> <span class='ocrx_word' id='word_1_225' title='bbox 1132 3541 1266 3608; x_wconf 83' lang='lat' dir='ltr'>uictoria</span> <span class='ocrx_word' id='word_1_226' title='bbox 1297 3540 1390 3627; x_wconf 88' lang='lat' dir='ltr'>freti,</span> 
     </span>
     <span class='ocr_line' id='line_1_26' title="bbox 119 3655 1392 3747; baseline 0.005 -24"><span class='ocrx_word' id='word_1_227' title='bbox 119 3676 230 3723; x_wconf 86' lang='lat' dir='ltr'>secure</span> <span class='ocrx_word' id='word_1_228' title='bbox 264 3655 341 3722; x_wconf 88' lang='lat' dir='ltr'>alibi</span> <span class='ocrx_word' id='word_1_229' title='bbox 376 3655 475 3720; x_wconf 89' lang='lat' dir='ltr'>alium</span> <span class='ocrx_word' id='word_1_230' title='bbox 507 3655 754 3740; x_wconf 87' lang='lat' dir='ltr'>insequerentur</span> <span class='ocrx_word' id='word_1_231' title='bbox 787 3680 919 3740; x_wconf 85' lang='lat' dir='ltr'>navem,</span> <span class='ocrx_word' id='word_1_232' title='bbox 954 3667 1131 3746; x_wconf 89' lang='lat' dir='ltr'>coeperunt</span> <span class='ocrx_word' id='word_1_233' title='bbox 1167 3662 1312 3747; x_wconf 88' lang='lat' dir='ltr'>quadam</span> <span class='ocrx_word' id='word_1_234' title='bbox 1341 3663 1392 3730; x_wconf 90' lang='lat' dir='ltr'>sui</span> 
     </span>
     <span class='ocr_line' id='line_1_27' title="bbox 117 3770 538 3859; baseline -0.005 -19"><span class='ocrx_word' id='word_1_235' title='bbox 117 3779 212 3859; x_wconf 92' lang='lat' dir='ltr'>parte</span> <span class='ocrx_word' id='word_1_236' title='bbox 235 3773 363 3839; x_wconf 86' lang='lat' dir='ltr'>ordines</span> <span class='ocrx_word' id='word_1_237' title='bbox 388 3770 538 3839; x_wconf 85' lang='lat' dir='ltr'>solvere”.</span> 
     </span>
    </p>

    <p class='ocr_par' dir='ltr' id='par_1_9' title="bbox 118 3891 1391 4451">
     <span class='ocr_line' id='line_1_28' title="bbox 162 3891 1391 3982; baseline 0.007 -24"><span class='ocrx_word' id='word_1_238' title='bbox 162 3891 239 3982; x_wconf 59' lang='lat' dir='ltr'>§a</span> <span class='ocrx_word' id='word_1_239' title='bbox 272 3891 364 3976; x_wconf 85' lang='lat' dir='ltr'>Vulg.</span> <span class='ocrx_word' id='word_1_240' title='bbox 399 3891 517 3968; x_wconf 74' lang='lat' dir='ltr'>yco&#39;arec</span> <span class='ocrx_word' id='word_1_241' title='bbox 548 3891 572 3954; x_wconf 79' lang='grc' dir='ltr'>δ’</span> <span class='ocrx_word' id='word_1_242' title='bbox 601 3892 626 3955; x_wconf 82' lang='grc' dir='ltr'>οἱ</span> <span class='ocrx_word' id='word_1_243' title='bbox 658 3893 720 3973; x_wconf 74' lang='grc' dir='ltr'><em>περὶ</em></span> <span class='ocrx_word' id='word_1_244' title='bbox 744 3894 793 3959; x_wconf 80' lang='grc' dir='ltr'>τὸν</span> <span class='ocrx_word' id='word_1_245' title='bbox 816 3895 1024 3975; x_wconf 67' lang='grc' dir='ltr'><em>Θρασύβουλον</em></span> <span class='ocrx_word' id='word_1_246' title='bbox 1146 3899 1321 3975; x_wconf 70' lang='grc' dir='ltr'><em>ἠμύνοντο</em></span> <span class='ocrx_word' id='word_1_247' title='bbox 1343 3901 1391 3965; x_wconf 78' lang='grc' dir='ltr'>καὶ</span> 
     </span>
     <span class='ocr_line' id='line_1_29' title="bbox 118 4010 1389 4096; baseline 0.009 -21"><span class='ocrx_word' id='word_1_248' title='bbox 118 4011 269 4094; x_wconf 81' lang='grc' dir='ltr'><em>τρέπουσι;</em></span> <span class='ocrx_word' id='word_1_249' title='bbox 299 4022 321 4075; x_wconf 94' lang='grc' dir='ltr'><strong>Β</strong></span> <span class='ocrx_word' id='word_1_250' title='bbox 351 4010 542 4091; x_wconf 77' lang='grc' dir='ltr'><em>ἠμύναντο,</em></span> <span class='ocrx_word' id='word_1_251' title='bbox 575 4030 650 4076; x_wconf 76' lang='lat' dir='ltr'>vera</span> <span class='ocrx_word' id='word_1_252' title='bbox 672 4011 778 4082; x_wconf 86' lang='lat' dir='ltr'>lectio.</span> <span class='ocrx_word' id='word_1_253' title='bbox 824 4014 919 4081; x_wconf 80' lang='lat' dir='ltr'>Valla</span> <span class='ocrx_word' id='word_1_254' title='bbox 941 4021 1049 4083; x_wconf 85' lang='lat' dir='ltr'>utrum</span> <span class='ocrx_word' id='word_1_255' title='bbox 1074 4017 1188 4085; x_wconf 80' lang='lat' dir='ltr'>viderit</span> <span class='ocrx_word' id='word_1_256' title='bbox 1210 4020 1389 4096; x_wconf 70' lang='grc' dir='ltr'><em>ἀμύνονται,</em></span> 
     </span>
     <span class='ocr_line' id='line_1_30' title="bbox 118 4128 1391 4222; baseline 0.009 -29"><span class='ocrx_word' id='word_1_257' title='bbox 118 4148 197 4194; x_wconf 89' lang='lat' dir='ltr'>sane</span> <span class='ocrx_word' id='word_1_258' title='bbox 225 4147 290 4193; x_wconf 91' lang='lat' dir='ltr'>non</span> <span class='ocrx_word' id='word_1_259' title='bbox 311 4128 497 4213; x_wconf 88' lang='lat' dir='ltr'>illepidum,</span> <span class='ocrx_word' id='word_1_260' title='bbox 530 4148 573 4194; x_wconf 90' lang='lat' dir='ltr'>an</span> <span class='ocrx_word' id='word_1_261' title='bbox 596 4129 752 4195; x_wconf 87' lang='lat' dir='ltr'>aoristum</span> <span class='ocrx_word' id='word_1_262' title='bbox 774 4153 835 4216; x_wconf 90' lang='lat' dir='ltr'>pro</span> <span class='ocrx_word' id='word_1_263' title='bbox 859 4140 947 4201; x_wconf 90' lang='lat' dir='ltr'>certo</span> <span class='ocrx_word' id='word_1_264' title='bbox 971 4156 1036 4202; x_wconf 92' lang='lat' dir='ltr'>uon</span> <span class='ocrx_word' id='word_1_265' title='bbox 1058 4134 1201 4213; x_wconf 86' lang='lat' dir='ltr'>affirmo,</span> <span class='ocrx_word' id='word_1_266' title='bbox 1227 4136 1391 4222; x_wconf 83' lang='lat' dir='ltr'>vulgatam</span> 
     </span>
     <span class='ocr_line' id='line_1_31' title="bbox 118 4243 1322 4339; baseline 0.006 -26"><span class='ocrx_word' id='word_1_267' title='bbox 118 4265 193 4313; x_wconf 83' lang='lat' dir='ltr'>vero</span> <span class='ocrx_word' id='word_1_268' title='bbox 216 4265 280 4311; x_wconf 93' lang='lat' dir='ltr'>uon</span> <span class='ocrx_word' id='word_1_269' title='bbox 302 4244 420 4312; x_wconf 86' lang='lat' dir='ltr'>refert:</span> <span class='ocrx_word' id='word_1_270' title='bbox 446 4243 559 4333; x_wconf 82' lang='lat' dir='ltr'>„Quod</span> <span class='ocrx_word' id='word_1_271' title='bbox 582 4246 874 4317; x_wconf 87' lang='lat' dir='ltr'>animadvertentes</span> <span class='ocrx_word' id='word_1_272' title='bbox 897 4250 1118 4339; x_wconf 85' lang='lat' dir='ltr'>Thrasybulus</span> <span class='ocrx_word' id='word_1_273' title='bbox 1142 4275 1215 4321; x_wconf 89' lang='lat' dir='ltr'>cum</span> <span class='ocrx_word' id='word_1_274' title='bbox 1232 4255 1299 4322; x_wconf 92' lang='lat' dir='ltr'>suis</span> <span class='ocrx_word' id='word_1_275' title='bbox 1314 4304 1322 4321; x_wconf 90' lang='lat'><strong>.</strong></span> 
     </span>
     <span class='ocr_line' id='line_1_32' title="bbox 119 4363 809 4451; baseline 0 -19"><span class='ocrx_word' id='word_1_276' title='bbox 119 4366 320 4451; x_wconf 90' lang='lat' dir='ltr'>repellunt</span> <span class='ocrx_word' id='word_1_277' title='bbox 341 4372 440 4451; x_wconf 86' lang='lat' dir='ltr'>atque</span> <span class='ocrx_word' id='word_1_278' title='bbox 462 4365 496 4429; x_wconf 95' lang='lat' dir='ltr'>in</span> <span class='ocrx_word' id='word_1_279' title='bbox 518 4363 627 4448; x_wconf 84' lang='lat' dir='ltr'>fugam</span> <span class='ocrx_word' id='word_1_280' title='bbox 650 4366 809 4435; x_wconf 85' lang='lat' dir='ltr'>vertunt&#39;&#39;.</span> 
     </span>
    </p>
   </div>
   <div class='ocr_carea' id='block_1_7' title="bbox 0 0 1512 4920">
    <p class='ocr_par' dir='ltr' id='par_1_10' title="bbox 0 0 1512 4920">
     <span class='ocr_line' id='line_1_33' title="bbox 0 0 1512 4920; baseline 0 0"><span class='ocrx_word' id='word_1_281' title='bbox 0 0 1512 4920; x_wconf 95' lang='lat' dir='ltr'> </span> 
     </span>
    </p>
   </div>
  </div>
 </body>
</html>
