3000 4920
627 363 862 412 Pnhnrfflo.
1359 362 1382 408 V

109 606 182 651 num
215 585 387 652 restituere
421 605 578 651 conemur.
623 583 777 652 Classeno
792 585 820 670 1)
854 584 952 669 igitur
983 583 1129 668 roganti:
1162 583 1229 663 „ist
1261 603 1295 649 es
1327 583 1380 649 ein

115 703 279 787 ,Vornuri
309 703 363 771 fiir
398 703 450 772 die
483 704 698 772 vaticanische
732 703 963 792 Handschrift,
1003 705 1079 771 dass
1114 704 1161 771 sie
1197 724 1256 771 aus
1292 705 1380 772 einer

117 823 417 911 „durchgreifenden
463 823 916 892 Grammatiker·llecension”
963 825 1246 910 hervorgegangen
1291 826 1335 894 ist
1343 824 1380 891 l”

115 943 302 1029 respondere
324 943 418 1011 uelim
442 949 652 1012 correctorem
676 943 717 1012 ob
740 945 930 1012 industriam
954 944 1150 1030 culpandum
1174 946 1289 1012 saltem
1315 965 1377 1012 non

116 1083 197 1140 esse,
231 1084 336 1149 neque
368 1068 477 1131 tamen
508 1085 580 1130 enm
612 1085 739 1149 semper
770 1085 841 1131 esse
873 1063 1069 1131 audiendum
1099 1063 1154 1131 ubi
1188 1069 1222 1131 et
1252 1063 1381 1149 uulgata

119 1183 253 1266 quadret
298 1182 412 1268 Neque
442 1184 545 1269 magis
575 1184 609 1250 in
640 1184 791 1251 solvenda
814 1185 1020 1269 quaestione,
1052 1183 1212 1268 quomodo
1234 1184 1268 1248 in
1290 1183 1381 1249 Vati·

123 1321 194 1370 cano
222 1303 382 1369 variarum
410 1302 583 1372 lectionum
614 1303 784 1372 multitudo
816 1304 860 1370 sit
886 1303 1095 1389 explicanda,
1128 1307 1214 1369 stare
1242 1302 1336 1369 velim
1359 1323 1380 1368 a

126 1425 207 1505 parte
240 1421 384 1491 Classeni
419 1423 475 1508 qni
508 1424 570 1490 hac
600 1423 640 1490 de
672 1445 706 1490 re
738 1424 784 1491 sic
816 1423 962 1509 disputat
976 1424 1020 1509 ἢκ
1058 1423 1154 1504 „Was
1185 1421 1265 1488 aber
1294 1423 1380 1489 diese

128 1540 173 1627 „(i.
193 1563 220 1609 e.
243 1542 406 1631 Vaticani)
431 1564 491 1611 non
515 1544 577 1610 den
599 1543 888 1612 Textreeensionen
911 1543 1048 1610 anderen
1071 1543 1232 1632 Antoren,
1255 1543 1312 1610 nie
1333 1542 1380 1610 sie

130 1661 272 1740 „einzelne
303 1661 554 1731 Handschrilten
584 1664 624 1750 (z.
646 1664 684 1730 B.
716 1663 774 1730 der
804 1661 996 1731 Olarkianus
1019 1664 1075 1730 des
1097 1663 1208 1742 Plato,
1238 1663 1296 1730 der
1318 1662 1379 1730 Pa·

131 1780 249 1859 „risinus
271 1783 370 1849 zdes
395 1783 645 1869 Demosthenes,
670 1784 728 1850 der
751 1782 891 1852 Urbinas
917 1783 973 1850 des
996 1782 1174 1869 Isokrates)
1199 1780 1376 1860 darbieten,

132 1900 384 1982 „unterscheidet‚
416 1901 460 1968 ist
491 1902 549 1968 der
579 1899 773 1970 auffallende
807 1901 985 1982 Umstand,
1017 1901 1093 1970 dass
1125 1902 1176 1968 die
1203 1902 1378 1987 cigentiim-

134 2016 217 2096 „licha
245 2016 507 2087 Beschaffenheit
537 2019 593 2089 des
624 2020 799 2088 Vaticanus
831 2026 898 2088 erst
919 2022 954 2087 in
976 2022 1050 2088 dem
1070 2021 1189 2087 letzten
1211 2020 1298 2087 Teile
1322 2022 1378 2087 des

134 2135 447 2215 ‚deschichtswerkes
479 2138 723 2207 unnerkennbar
751 2141 946 2208 hervortritt.
992 2141 1053 2207 Mit
1082 2141 1186 2207 Recht
1218 2140 1294 2206 darf
1321 2161 1379 2207 aus

136 2255 240 2336 „dieser
268 2259 489 2344 Euschoinnng
518 2259 676 2345 gelolgert
708 2259 851 2339 werden,
883 2261 958 2328 dass
990 2259 1048 2327 der
1074 2259 1186 2327 Grund
1209 2258 1378 2326 derselben

77 2386 79 2421 ²
135 2374 224 2454 „nicht
251 2377 284 2443 in
307 2365 381 2445 dem
404 2376 550 2446 Urheber
574 2378 632 2444 der
653 2379 850 2459 Recension,
874 2380 1012 2449 sondern
1035 2380 1069 2445 in
1092 2379 1150 2446 der
1173 2378 1262 2446 nicht
1283 2379 1377 2445 iiber-

77 2488 80 2591 l
135 2493 309 2572 „urheiteten
340 2496 468 2566 Gestalt
497 2520 536 2564 zu
559 2500 680 2566 snchen
702 2499 760 2579 ist,
784 2499 817 2564 in
841 2498 978 2566 nelcher
1002 2498 1107 2567 dieser
1127 2498 1198 2564 Teil
1220 2520 1280 2566 von
1305 2498 1377 2564 dem

134 2611 296 2690 „Venasser
318 2615 419 2685 selbst
442 2617 709 2702 zuriickgelassen
730 2619 802 2686 ist'’.
837 2617 919 2698 Quid
943 2619 1051 2686 enim?
1082 2620 1155 2686 Non
1178 2619 1278 2687 solnm
1294 2618 1376 2686 libro

131 2736 219 2801 octavo
248 2735 470 2805 memorabiles
502 2738 655 2805 lectiones
685 2739 759 2807 illae
789 2739 824 2804 in
845 2738 1001 2806 Vaticano
1023 2739 1243 2820 inveniuntur,
1266 2759 1375 2805 verum

130 2850 205 2918 etiam
237 2854 318 2923 libro
353 2855 548 2944 penultimo,
584 2879 678 2942 quem
712 2858 889 2926 Britannus
923 2857 977 2925 ille
1007 2857 1209 2945 Macanlajns
1233 2858 1318 2925 hunc
1342 2860 1375 2924 in

129 2971 233 3039 nodum
262 2974 413 3043 laudibus
436 2976 575 3045 extollit:
609 2977 645 3059 „l
667 2978 709 3046 do
733 2999 843 3047 assure
866 3000 929 3064 you
951 2978 1024 3045 that
1045 2979 1138 3046 there
1159 2979 1188 3045 is
1212 2999 1254 3046 no
1277 2998 1374 3064 prose

132 3094 338 3178 „composition
360 3095 394 3160 in
417 3095 472 3163 the
495 3097 610 3176 world,
634 3103 691 3166 not
713 3119 793 3165 even
815 3098 871 3165 the
894 3099 942 3166 De
966 3098 1108 3185 Corona,
1132 3097 1232 3166 which
1248 3099 1264 3164 I
1279 3097 1372 3183 place

131 3228 172 3287 „so
196 3211 268 3300 high
291 3235 328 3281 as
359 3213 414 3281 the
445 3217 576 3283 seventh
607 3217 694 3284 book
725 3217 761 3285 ol
789 3218 1000 3305 Thucydides.
1048 3219 1078 3284 It
1108 3219 1136 3287 is
1159 3218 1213 3284 the
1236 3239 1275 3283 ne
1298 3218 1372 3302 plus

130 3328 213 3407 „ultra
241 3332 277 3401 ol
303 3333 424 3401 human
455 3335 540 3404 art.”
586 3335 656 3416 Quo
686 3338 781 3404 modo
810 3339 908 3424 igitur
939 3337 1110 3407 Classenus
1141 3337 1202 3405 hoc
1226 3337 1266 3404 de
1288 3337 1372 3403 libro

128 3448 284 3531 opinionem
314 3452 515 3539 probabilem
544 3454 680 3524 reddere
712 3457 853 3543 poterit?
890 3456 969 3524 (lum
993 3462 1117 3537 autem,
1148 3463 1185 3523 ut
1207 3478 1247 3523 ex
1270 3478 1372 3523 anno·

127 3568 278 3640 tahombus
306 3573 386 3640 meis
410 3575 528 3642 criticis
552 3577 738 3662 apparebit,
771 3578 963 3645 Vaticanum
985 3599 1051 3646 non
1074 3578 1169 3644 modo
1192 3584 1371 3645 correctum

128 3687 169 3754 sed
198 3693 365 3760 collatione
400 3714 527 3779 quoque
563 3696 768 3764 emendatum
800 3718 871 3764 esse
902 3702 1042 3775 constet,
1077 3717 1297 3782 nequaquam,
1334 3702 1370 3763 ut

126 3800 232 3878 libriB
262 3814 464 3898 praestantia
498 3814 690 3900 explicetur,
727 3815 872 3884 Classeni
903 3817 1046 3903 opinioni
1078 3815 1278 3883 subscribere
1309 3836 1369 3883 nos

128 3933 237 4008 oportet.
284 3912 503 4019 Quamquam,
527 3940 564 4002 ut
582 3936 651 4022 jam
675 3957 775 4022 supra
798 3917 1026 4024 animadverti,
1051 3941 1212 4003 corrector
1226 3936 1298 4015 ille,
1314 3934 1370 4020 qui

128 4039 293 4118 Vaticanum
315 4046 548 4120 recensendum
571 4055 712 4142 curavit,
736 4056 832 4122 homo
855 4055 917 4122 fuit
939 4076 1011 4122 cum
1033 4055 1068 4120 in
1090 4054 1276 4140 Thucydide
1295 4075 1369 4139 per·

128 4220 346 4241 Ἢ

149 4324 171 4392 l)
185 4330 217 4383 Gt.
234 4333 314 4387 Class.
331 4333 583 4403 Vorhemarhnngen
604 4337 634 4388 B.
652 4335 715 4387 t111
733 4352 791 4407 pag.
809 4336 904 4395 XXIV.

150 4423 171 4490 l)
185 4428 220 4484 Cl.
234 4432 297 4489 ibid.
314 4448 371 4500 pag.
390 4431 431 4483 ht).
