3000 4920
731 288 752 356 9

109 530 254 599 conlecti.
302 531 396 597 Valla
426 531 523 616 igitur
550 532 628 617 legit
656 533 703 597 διὰ
729 532 933 612 Φρυγμνιπμὸν
956 532 1006 596 ul
1031 533 1141 610 ὑδρείαν
1164 533 1213 594 καὶ
1237 533 1377 612 ἁρπαγὴν

110 652 234 731 μοκροὶο.
284 650 344 728 Qui
376 650 544 717 verborum
573 651 652 719 ordo
675 672 871 737 quamquam
894 653 1023 719 omniuo
1047 673 1112 719 non
1135 651 1301 736 displicet,
1324 672 1377 717 res

75 842 78 851 ,
110 773 214 837 tamen
245 767 378 835 minoris
409 774 458 834 est
488 770 640 837 momenti
670 775 777 837 uuum
800 769 1073 837 substantivorum
1096 771 1211 837 seriem
1234 768 1320 835 hunc
1342 769 1377 835 iu

75 893 78 917 '
113 888 236 956 modum
260 887 468 972 disponamus
491 908 591 954 necue
608 888 652 974 ¹);
680 889 758 973 quid
782 888 988 957 statuendum
1011 889 1105 957 nobis
1128 891 1171 956 sit
1193 888 1233 956 de
1259 889 1377 969 μοικροὶο

112 1007 281 1076 videamus.
309 1005 480 1074 Classeuus
503 1009 550 1076 sic
573 1007 736 1093 disputate
762 1010 898 1090 „mapali
921 1009 993 1074 adv.
1011 1030 1051 1075 zu
1066 1010 1278 1087 ἀπολλυμένων
1294 1008 1378 1093 (eut-

114 1125 191 1193 iernt
220 1149 282 1194 von
311 1128 403 1195 ihren
426 1127 726 1215 Staudquartieren)
748 1128 815 1195 und
837 1129 939 1197 daber
961 1129 1059 1197 allein
1081 1129 1198 1214 richtig
1221 1129 1280 1195 mit
1305 1126 1377 1194 dem

114 1245 176 1312 lat
203 1247 291 1312 nach
319 1248 429 1327 ὑδρεῖον
451 1248 553 1332 (nicht
576 1248 661 1316 nach
683 1249 838 1334 οὶρποιροὶν)
859 1247 1009 1334 gestellt”
1033 1250 1053 1315 i.
1076 1268 1106 1313 e.
1129 1251 1205 1332 post
1229 1246 1378 1314 substan·

115 1366 239 1433 tivomm
273 1367 387 1433 seriem
417 1389 457 1434 ue
487 1368 527 1434 de
558 1366 717 1453 adjectivo
740 1367 938 1452 cogitaveris
985 1367 1122 1434 Omnino
1146 1367 1287 1434 concedo
1310 1367 1377 1432 viro

117 1484 221 1570 docto,
251 1491 289 1552 ut
318 1486 415 1554 etiam
446 1487 560 1555 Vallae
594 1487 740 1573 „longius
762 1486 860 1553 eant’'
885 1485 996 1567 docet,
1026 1487 1145 1565 μακράν
1169 1507 1240 1554 esse
1263 1486 1376 1552 adver·

120 1601 217 1685 bium,
246 1624 311 1671 uon
342 1605 436 1671 modo
466 1626 538 1672 cum
568 1604 800 1690 „praedatum”
824 1605 1003 1672 sedetiam
1026 1627 1099 1672 oum
1124 1604 1321 1690 „lignatum”
1345 1611 1378 1670 et

119 1721 301 1807 „aquatum”
330 1724 594 1811 conjungendum.
640 1724 732 1803 Quod
756 1731 863 1792 autem
886 1722 1059 1792 Classenus
1082 1722 1232 1809 perhibet
1259 1722 1377 1804 μοικροέο

123 1841 157 1906 ad
187 1842 396 1922 ἀπολλυμένων
430 1842 542 1911 referri
576 1842 711 1929 debere,
742 1842 823 1910 nibil
854 1842 961 1910 credo.
1009 1842 1091 1920 Quid
1126 1841 1210 1908 euim
1244 1842 1380 1908 interest

126 1965 219 2027 uuum
241 1967 359 2029 nautae
382 1963 494 2047 procul
517 1984 538 2031 a
561 1964 677 2030 castris
699 1962 956 2030 interficerentur
980 1984 1022 2029 an
1045 1963 1176 2028 minus?
1219 1961 1377 2045 Equidem

128 2081 228 2165 opinor
258 2082 374 2163 μουιροὶν
404 2082 563 2168 respicere
586 2083 629 2149 ad
651 2082 813 2149 notionem
835 2080 1013 2162 verbalem,
1037 2101 1120 2166 qnae
1142 2081 1227 2147 inest
1248 2081 1283 2145 iu
1305 2087 1378 2160 φρυ-

125 2201 273 2286 varicula,
305 2204 448 2287 οὶρποιγή,
483 2201 592 2283 dipsis,
628 2200 746 2286 quibus
776 2202 974 2287 respondent
1003 2201 1101 2268 verba
1129 2197 1375 2285 Φρυγοινιζεοθοιι,

75 2385 76 2416 3
125 2315 266 2399 ιὶρποὶζειν,
290 2320 462 2401 ὑδρεύεσθαι.

75 2512 78 2524 Ι
159 2435 233 2504 Ibid.
261 2437 352 2523 vulg.
384 2438 437 2503 riri
469 2437 493 2502 δ’
522 2435 548 2504 οἳ
576 2440 626 2504 nai
658 2444 770 2506 αὐτοῦ
801 2440 1030 2521 ἐμπορευόμενοι.
1064 2453 1087 2507 Β
1115 2441 1229 2506 αὐτοὶ.
1263 2437 1378 2504 Valla:

129 2555 260 2638 „quidam
283 2557 379 2623 etiam
402 2559 561 2643 mancipia
585 2558 764 2644 Hyccarica
785 2560 933 2640 mercati,
956 2560 1120 2645 persuasis
1135 2556 1321 2625 trierarchis
1337 2562 1374 2623 ut

127 2671 171 2739 lla
188 2696 245 2759 pro
269 2697 302 2742 se
325 2675 540 2763 substituant,
563 2676 767 2764 disciplinam
790 2680 837 2745 rei
852 2679 1001 2746 militaris
1016 2678 1192 2746 evertunt'’.
1228 2676 1376 2743 Liberius

128 2792 222 2880 vertit,
245 2815 341 2879 quam
366 2799 401 2861 ut
424 2795 493 2861 eins
516 2795 684 2864 lectionem
707 2797 878 2864 discamus.
908 2796 1107 2864 Sententiam
1132 2800 1240 2863 autem
1262 2794 1376 2860 Vallae

130 2909 253 2978 codicum
285 2912 417 2980 lectioni
452 2918 698 3002 anteponerem,
734 2915 907 2982 dummodo
941 2913 1146 2996 ἐμπορεύεσθαι
1182 2911 1380 2998 significaret

75 3076 84 3137 ὲ
132 3031 291 3110 „mercari'';
330 3032 413 3098 αὐτοὶ
451 3035 668 3117 ἐμπορευόμενοι
696 3045 774 3102 'uon
810 3035 872 3101 uisi
906 3034 1058 3102 insulsius
1093 3032 1248 3117 explicari
1281 3052 1377 3116 posse

133 3147 194 3216 nihi
214 3152 346 3219 videtur.

75 3436 81 3451 ι
164 3403 259 3491 Capul
290 3408 332 3472 14
363 3403 388 3496 ὅ
418 3407 448 3473 3.
476 3406 566 3492 Vulg.
590 3407 914 3485 διαπολεμήσεποιι
939 3406 1055 3474 ....ὅ
1086 3406 1225 3482 πόλεμος.
1259 3404 1379 3469 Blia-

86 3552 87 3558 ι
134 3527 417 3604 πεπιλεμιὶοεποιι
436 3527 536 3592 ....ὅ
559 3524 698 3601 πόλεμος.
724 3524 834 3591 Valla:
862 3524 1075 3608 „debellatum
1091 3525 1173 3610 esff',
1194 3523 1281 3609 quod
1297 3523 1383 3589 lutu-

134 3654 188 3704 mm
208 3641 379 3707 secuudum
395 3645 502 3725 potest
518 3638 654 3720 referre,
677 3638 822 3706 futurum
838 3646 947 3705 autem
962 3640 1101 3724 primum
1116 3640 1256 3705 minime.
1280 3637 1379 3703 Haud

135 3749 185 3821 lere
212 3778 289 3843 opus
313 3763 364 3825 est
386 3756 637 3825 animadvertere
659 3769 681 3822 B
705 3778 814 3824 veram
837 3758 1031 3841 scripturam
1053 3757 1198 3824 reddere.
1237 3756 1379 3823 Dixerim

136 3869 237 3943 lullum
258 3898 322 3944 nou
345 3875 462 3942 vidisse
484 3877 629 3963 πόλεμος,
654 3897 675 3942 a
697 3875 862 3962 Kruegero
884 3876 1109 3962 proscriptum.

140 4049 359 4065 ἣ...-

75 4163 88 4229 ]
159 4172 181 4236 l)
199 4175 229 4227 cl.
249 4174 322 4226 Valla
338 4190 361 4227 c.
377 4174 411 4225 14
429 4175 443 4241 5
459 4174 477 4225 2
492 4177 521 4227 in
538 4173 575 4224 ποί
591 4191 622 4224 πε
638 4173 702 4223 ’ὄντα
719 4173 762 4224 νοοῖ
779 4172 1020 4235 ἆπιονιιλισιιόμινιιι
1040 4174 1103 4238 „scd
1121 4186 1228 4224 necesse
1245 4178 1286 4223 est
1303 4173 1380 4224 nohis

92 4253 94 4266 ¹
138 4262 193 4320 illinc
212 4285 312 4324 sumere
338 4273 408 4324 unde
430 4275 535 4338 quaudo
558 4275 611 4325 buo
634 4274 769 4334 venimus,
790 4278 822 4323 et
842 4287 931 4338 quae
948 4273 1123 4335 absumpta
1141 4276 1236 4335 sunt,
1252 4277 1284 4322 et
1301 4285 1385 4335 quae

92 4343 94 4358 ’
140 4373 313 4436 supersunt,
331 4369 503 4437 sumpsimus.

1267 4462 1284 4517 2
