3000 4920
803 287 847 358 22

184 534 261 600 dum
298 539 350 600 est
385 532 515 600 Vallum
548 537 624 601 ioca
669 531 909 613 „incurrentes”
952 533 1087 606 παίοντες
1127 533 1314 607 reddidisse
1364 528 1461 617 Quod

139 735 146 755 .
183 651 227 720 ad
257 652 426 719 lectionem
457 651 561 736 ipsam
588 651 721 732 attinet,
759 652 900 718 concedo
929 653 1064 725 παίοντες
1087 654 1135 720 rei
1156 655 1364 747 aptissimam
1381 654 1489 756 serit,

182 773 319 839 tentiam
343 770 373 860 l)
404 770 576 857 praebere,
609 791 714 856 neque
744 776 853 837 tamen
882 770 1034 856 intellego
1066 774 1227 857 quomodo
1257 774 1394 848 aalma
1422 774 1481 842 in·'

182 891 362 973 παρέχοντες
386 891 428 958 sit
451 890 676 976 depravatum.

226 1009 252 1101 ξ
281 1010 313 1079 5.
342 1010 437 1097 Vulg.
468 1017 502 1078 et
533 1023 555 1076 B
586 1017 725 1076 πλεῖστνν
756 1010 817 1091 γὰρ
839 1012 868 1074 ἕν
891 1012 972 1093 αὐτῷ
995 1011 1128 1092 σχήσειν.
1167 1011 1280 1079 Valla:
1308 1033 1371 1094 „ex
1393 1012 1459 1082 hoc

181 1130 320 1197 maxime
355 1129 536 1216 superiores
572 1128 674 1196 esse”.
720 1127 863 1195 Verbum
897 1128 978 1208 ἔχειν
1011 1129 1046 1193 in
1076 1129 1310 1217 locutionibus,
1341 1132 1458 1216 quales

182 1254 257 1317 sunt
287 1250 374 1315 caica
405 1248 484 1330 ἔχειν
514 1252 547 1314 et
576 1245 700 1314 ἔλασσον
732 1248 831 1335 ἔχειν,
858 1269 930 1314 cum
954 1248 1179 1334 comparativis
1202 1252 1354 1338 conjungi
1377 1258 1461 1322 nota
1490 1296 1492 1300 -

181 1389 233 1436 res
267 1373 334 1448 est;
368 1388 529 1452 nusquam
560 1371 668 1434 autem
700 1367 844 1453 suppetit
876 1366 1074 1453 exemplum,
1104 1370 1139 1434 in
1169 1390 1233 1455 quo
1266 1371 1459 1456 superlativi

181 1488 269 1555 notio
289 1489 385 1575 juxta
407 1488 487 1568 ἔχειν
509 1486 680 1552 invenitur.
722 1487 810 1564 Quae
833 1486 896 1554 fnit
918 1508 1032 1566 eausa,
1050 1509 1108 1554 cur
1123 1489 1194 1576 alii,
1213 1495 1250 1556 ut
1265 1490 1456 1576 Kruegerus

181 1613 214 1674 et
236 1607 487 1685 Homadena,
511 1615 650 1673 πλεῖστον
673 1607 829 1674 mutarint
850 1607 884 1672 in
904 1606 1009 1688 πλέον,
1027 1607 1098 1687 alii,
1117 1607 1240 1677 Stahlio
1255 1617 1456 1696 praeeunte,

180 1747 240 1812 pro
265 1725 400 1812 simplici
423 1723 523 1792 verbo
547 1725 751 1792 emendarint
773 1727 972 1806 περνσχήσειν.
1018 1726 1098 1793 (lum
1122 1733 1230 1795 autem
1251 1749 1362 1797 omncs
1378 1730 1457 1798 libri

180 1852 319 1912 πλεῖστον
352 1849 523 1924 tueantur,
558 1844 662 1912 lenius
698 1865 768 1912 esse
803 1844 899 1912 credo
934 1845 1091 1932 corrigere
1125 1849 1331 1929 περνσχνὶσενν,
1367 1850 1459 1934 quod

180 1964 277 2033 facile
300 1966 334 2032 in
358 1965 493 2051 simplex
516 1964 646 2033 verbum
670 1964 759 2032 abire
782 1964 905 2053 potuit,
929 1965 957 2032 si
979 1965 1042 2047 περὶ
1060 1965 1249 2051 compendio
1265 1987 1457 2052 expressum

180 2084 279 2152 fuisse
303 2083 483 2151 statuimus.
523 2081 714 2163 Classenus,
738 2082 799 2149 etsi
822 2082 969 2150 concedit
987 2090 1125 2150 πλεῖστον
1141 2084 1222 2165 ἔχειν
1238 2104 1259 2150 a
1273 2087 1455 2170 graecitate

179 2209 252 2271 esse
282 2203 442 2284 abeuum,
472 2202 632 2288 vulgatam
663 2207 772 2269 tamen
804 2207 939 2269 conatur
963 2223 1106 2271 servare:
1133 2211 1291 2285 ,praebuet
1314 2207 1452 2288 σχήσειν.

180 2321 274 2390 Stahl
303 2324 362 2391 hat
388 2322 484 2391 daliir
506 2329 646 2389 πλεῖστον
669 2322 857 2404 repurgium
879 2321 933 2388 fiir
955 2321 1136 2408 notueudig
1157 2322 1317 2407 gehalten.
1364 2325 1453 2394 Aber

179 2441 274 2509 sollte
297 2443 349 2509 bei
371 2443 445 2510 dem
462 2441 643 2528 geldufigen
658 2440 830 2509 Gebraueh
846 2440 903 2508 der
919 2441 1106 2510 Ausdriicke
1122 2442 1210 2507 πλέον
1225 2444 1291 2509 und
1307 2451 1450 2511 castora

177 2565 259 2645 ἔχειν
291 2584 364 2631 vom
396 2563 521 2630 Vorteil
550 2560 619 2628 und
650 2560 798 2628 Nachtcil
833 2561 877 2626 im
911 2559 1030 2642 Kriege
1056 2559 1089 2624 in
1123 2559 1321 2645 geeignetem
1356 2563 1449 2631 Fullo

176 2682 266 2750 nicht
290 2683 373 2750 auch
397 2683 455 2750 der
478 2681 658 2767 Superlaliv
683 2681 841 2747 eintreten
863 2679 1015 2747 kdnnen?
1058 2680 1120 2747 Eia
1143 2681 1281 2749 anderes
1303 2680 1449 2768 Beispiel

176 2803 272 2870 dafir
301 2803 405 2872 kenne
431 2805 485 2871 ich
508 2802 632 2870 freilioh
655 2801 754 2869 nicht.
801 2798 923 2868 Valla’s
946 2799 1203 2885 Uebersetzung:
1229 2822 1284 2882 „sc
1307 2803 1451 2872 maxime

176 2923 357 3009 superiores
388 2919 475 2990 iore’'
508 2920 631 2987 scheint
662 2920 767 2987 nichts
798 2918 851 2985 fuir
882 2919 1070 2999 repurgium
1100 2940 1140 2984 au
1163 2917 1337 2989 beweisen:
1363 2922 1450 2991 denn

174 3041 231 3108 wie
262 3061 298 3108 er
328 3039 416 3106 rata
447 3041 529 3120 ἔχειν
561 3038 663 3104 durch
695 3036 941 3123 superiorem
973 3057 1060 3103 esse
1092 3036 1293 3125 wiedergibt,
1328 3040 1449 3110 drdckt

174 3179 209 3225 er
242 3159 304 3226 den
336 3157 517 3244 Superlativ
547 3157 649 3223 durch
681 3157 796 3223 Zusatz
820 3155 984 3222 maxime
1008 3154 1094 3223 aus’'.
1140 3157 1189 3223 De
1212 3158 1446 3244 conjecturaa

173 3277 241 3344 viro
277 3276 371 3343 docto
407 3296 576 3362 expressa,
611 3274 751 3341 fortasse
781 3279 920 3340 cartura
950 3273 1030 3354 ἔχειν
1062 3280 1190 3341 exstare
1222 3262 1333 3361 posse,
1368 3279 1451 3346 nibil

174 3395 287 3463 dicam.
334 3393 427 3473 Quod
457 3399 565 3463 tamen
597 3394 639 3461 ad
669 3393 954 3480 argumentationis
986 3393 1122 3459 alteram
1152 3393 1270 3461 attinet
1299 3402 1448 3486 partem,

174 3529 301 3598 duabus
335 3529 370 3595 in
402 3528 499 3596 rebus
535 3549 556 3594 a
590 3527 742 3596 Classeno
774 3527 875 3606 disto,
908 3546 947 3593 ac
976 3526 1082 3612 primo
1113 3526 1242 3612 quidem
1272 3549 1389 3599 moneo
1412 3533 1448 3598 in

174 3649 318 3734 proxime
341 3646 606 3734 praecedentibus
629 3644 654 3737 ξ
677 3648 697 3711 2
723 3651 756 3713 et
777 3644 802 3736 ξ
824 3648 845 3711 3
868 3645 1002 3711 inveniri
1025 3643 1112 3710 raia
1136 3646 1216 3727 ἔχειν
1241 3651 1273 3713 et
1289 3648 1340 3713 οὐκ
1355 3649 1450 3717 ἕλοιτ-

174 3791 222 3834 τνν
254 3769 387 3852 σχήσειν,
422 3787 506 3851 quae
542 3765 637 3834 Valla
669 3787 733 3832 non
764 3786 823 3851 per
853 3763 1120 3850 „superiorem
1155 3763 1261 3831 esse'’
1295 3765 1354 3832 ssd
1387 3789 1450 3854 per

177 3887 285 3972 „plus
319 3885 481 3954 habere’'
515 3890 549 3952 et
585 3907 670 3967 „non
705 3885 810 3951 minus
829 3881 969 3983 'valere''
1007 3883 1239 3967 interpretatus
1274 3889 1332 3952 est.
1377 3887 1448 3976 Fac

173 4012 284 4075 autem
314 4007 402 4073 rator
433 4004 514 4087 ἔχειν
546 4026 566 4071 a
596 4003 691 4072 Valla
721 4001 883 4069 redditum
914 4023 985 4070 esse
1014 4023 1073 4087 per
1098 4003 1313 4088 „superiorem
1337 4006 1445 4098 esss'’;

173 4131 240 4193 tum
264 4125 408 4193 Classeni
431 4122 740 4208 argumentationem
764 4119 947 4188 claudicare
970 4121 1115 4188 existimo
1121 4147 1130 4200 ς
1154 4141 1219 4205 quo
1243 4123 1337 4190 modo
1356 4127 1445 4194 enim

205 4374 234 4442 1)
252 4376 282 4429 cl.
301 4375 397 4428 basah.
415 4375 487 4431 Pers.
505 4390 529 4428 ν.
546 4373 606 4445 til,
626 4373 683 4429 tal.
