3000 4920
783 314 847 379 100

182 572 246 618 non
276 550 414 618 relatum
445 556 504 618 est.
541 551 697 629 Quocirca
727 550 897 618 lectionem
928 550 1069 617 auctoris
1091 570 1200 617 veram
1224 570 1358 616 manum
1381 569 1456 616 aare

183 676 262 755 puto
284 672 308 735 et
333 671 381 755 δὲ,
404 671 522 738 omisso
544 671 713 738 numerali.

227 788 309 855 Ibid.
341 788 429 874 Vulg.
458 789 499 854 τοὶ
529 791 553 854 δ’
585 789 669 875 (lege
700 791 747 876 τε)
771 790 855 855 ἄλλον
887 790 985 867 ἔνεμον
1011 788 1107 854 κοντοὶ
1129 787 1256 868 κοοέτος
1281 790 1334 861 τὴν
1357 786 1455 852 πόλιν.

181 907 289 972 Recte.
328 906 549 992 „Imperiose'’,
574 909 680 993 inquit
703 908 817 987 Valla,
844 928 899 990 „se
920 907 1104 993 gerebant’'.
1140 906 1225 972 Audi
1247 906 1454 973 Olassenum:

185 1025 389 1106 „erscheinen
412 1027 497 1093 nach
520 1025 716 1094 bekanntem
741 1026 1006 1113 Sprachgebrach
1030 1026 1082 1092 die
1104 1025 1232 1092 Aoriste
1254 1023 1453 1102 ἀπέκτεινον,

181 1145 301 1221 ἔδησαν,
340 1147 560 1223 μετεστήσαντο
591 1145 640 1211 als
673 1146 725 1211 die
749 1145 921 1230 speciellen
943 1143 1192 1229 Auafiihrungen
1217 1142 1272 1210 des
1300 1144 1454 1229 algemei·

182 1284 246 1329 nen
276 1263 373 1341 ἔνεμον
396 1265 601 1346 cartapetam
624 1267 676 1339 τὴν
702 1262 814 1330 τόλον”.
858 1263 1035 1330 Vaticanus
1057 1262 1156 1348 igitur
1179 1262 1364 1347 sequendus
1389 1284 1456 1331 non

184 1387 249 1461 est,
274 1382 361 1450 solus
384 1383 536 1450 omittens
561 1384 674 1464 κράτος.

226 1499 251 1590 ξ
275 1503 304 1567 2.
328 1501 424 1586 Vulg.
447 1500 551 1582 ἄνδρας
577 1500 609 1566 τὲ
632 1526 713 1574 τονοος
737 1502 912 1568 ἀπέκτεινον
1038 1501 1088 1566 uei
1106 1503 1216 1573 ἄλλους
1233 1501 1349 1578 ἔδντοιν,
1365 1501 1454 1574 τοὺς

182 1621 211 1686 δὲ
233 1620 282 1684 aa}
305 1620 535 1698 μετεστήσαντο.
582 1619 609 1684 Β
633 1640 803 1705 perperam
825 1618 889 1701 οὕς,
912 1625 950 1686 ut
970 1620 1038 1706 jam
1065 1619 1255 1686 vocabulum
1271 1620 1300 1686 δὲ
1317 1618 1453 1684 indicat.

184 1737 297 1804 Valla:
325 1738 536 1823 „quosdam
559 1737 810 1825 relegaverunt’'.

225 1856 307 1923 Ibid.
337 1855 427 1943 Vulg.
451 1853 544 1935 Ἆγιν
574 1859 623 1922 τὸν
654 1859 890 1935 Λακεδαιμονίων
912 1856 1054 1936 βοοτολὲοο.
1090 1857 1204 1923 Bnon
1228 1857 1329 1924 habet
1352 1868 1453 1923 Λοοκε-

181 1975 339 2052 aaronica
380 1975 576 2042 Alterutrum
610 1974 792 2042 faciendum
825 1982 893 2057 est,
928 1983 1000 2056 aut,
1035 1981 1072 2041 ut
1106 1975 1338 2042 Herwerdenus
1378 1995 1452 2060 pro·

181 2094 304 2185 posuit,
341 2094 388 2159 τὸν
426 2095 661 2174 Λοοκεδοονμονίων
695 2096 828 2172 βοοτολέοο
862 2095 1052 2181 ejiciendum
1087 2100 1152 2175 est,
1189 2099 1246 2161 aut
1273 2100 1315 2161 et.
1349 2106 1452 2161 Λοοκε-

180 2214 329 2291 δοονμονίων
361 2214 571 2280 retinendum.
606 2214 782 2280 Vaticanus
818 2219 903 2281 certe
937 2235 1001 2280 non
1024 2213 1211 2298 probandus
1235 2219 1294 2280 est.
1331 2212 1450 2280 Valla:

184 2334 254 2416 „Ad
277 2333 410 2420 Agidem
434 2335 763 2402 Lacedaemoniorum
879 2334 1023 2403 misere''.

225 2452 308 2521 Ibid.
332 2452 423 2538 Vulg.
458 2454 530 2526 εἰκὸς
564 2450 635 2519 εἷνοοο
671 2457 792 2525 αὐτοῖς
828 2456 912 2537 σφίσι
944 2454 992 2520 nai
1023 2454 1116 2520 οὐκέτι
1148 2455 1188 2535 τῷ
1219 2454 1336 2532 οὶτίοτῳ
1368 2452 1452 2533 δήμῳ

181 2574 299 2650 μᾶλλον
330 2570 504 2653 ξυγχωρεῖν.
552 2571 735 2640 Sententiae
766 2571 911 2660 subjecto
942 2573 1065 2639 carenti
1092 2576 1125 2639 et
1148 2572 1188 2639 ob
1212 2572 1329 2638 mirum
1353 2573 1452 2643 αὐτοῖς

182 2689 267 2774 σφίσι
298 2692 371 2776 (pro
402 2691 502 2775 σφίσιν
537 2693 648 2778 αὐτοῖς)
672 2698 841 2778 suspectae
863 2714 974 2760 verum
997 2693 1136 2759 colorem
1159 2691 1300 2758 reddidit
1322 2690 1350 2756 Β
1376 2690 1450 2757 scri·

183 2810 262 2876 bens
285 2830 344 2895 pro
368 2813 466 2884 αὐτοῖς
490 2811 706 2877 accusativum
730 2809 826 2874 τοῦτον.
858 2809 952 2877 Valla
975 2829 1103 2894 quoque
1127 2814 1230 2876 recte:
1258 2815 1451 2889 „consenta-

182 2950 276 2995 neum
300 2949 370 2996 csse
393 2933 429 2995 ut
451 2928 520 2996 illa
542 2929 622 3014 ipsis
646 2930 753 3015 potius
778 2950 875 3014 quam
897 2927 996 2995 infido
1020 2929 1139 3014 populo
1163 2926 1407 2996 assentiretur''.

225 3163 332 3250 Caput
354 3167 405 3232 71.
429 3166 520 3253 Vulg.
545 3167 563 3251 ᾖ
584 3168 740 3246 βούλονται
747 3218 756 3249 ,
779 3173 884 3250 recte,
906 3180 928 3232 B
952 3169 979 3232 εἰ
1002 3167 1168 3246 βούλονται.

225 3281 304 3372 §2
339 3284 432 3370 Vulg.
467 3283 573 3365 e'trdpae
607 3286 776 3363 κοοτέβοολον
811 3289 916 3355 οὔτῶν.
951 3286 978 3351 Β
1008 3292 1083 3371 post
1113 3283 1218 3366 ἄνδοοος
1249 3283 1368 3352 inserit
1400 3312 1454 3372 τε,

180 3407 311 3487 praeter
334 3403 568 3470 necessitatem.
603 3402 697 3470 Valla
719 3405 912 3490 particulam
935 3426 998 3471 non
1022 3404 1189 3490 expressit

223 3520 305 3589 Ibid.
330 3520 423 3606 Vulg.
447 3522 496 3586 aui
524 3522 637 3609 ἐκείνου,
662 3536 685 3588 Β
709 3525 852 3592 κοὶκείνον.

224 3637 304 3728 §d
337 3637 429 3724 Vulg.
465 3641 645 3719 ἕκτὲμτοοοο
679 3643 737 3707 aad
773 3644 802 3715 ἐς
836 3646 888 3717 τὴν
918 3644 1128 3720 Λοοκεδοοίμονοο
1159 3643 1235 3724 περὶ
1269 3640 1452 3720 ξομβοέοεοος

180 3757 328 3838 τρὲτβενς.
359 3757 385 3822 Β
409 3776 472 3822 non
496 3756 595 3824 habet
616 3757 684 3837 cat,
710 3761 795 3844 quod
818 3761 1035 3828 necessarium
1058 3760 1174 3828 saltem
1196 3781 1261 3826 non
1283 3765 1336 3828 est
1349 3782 1456 3847 neque

180 3876 295 3962 legitur
329 3877 415 3961 apud
446 3877 580 3943 Vallum.
625 3877 779 3945 Mendosc
809 3884 916 3945 autem
948 3879 1059 3947 scribit
1089 3892 1112 3944 Β
1143 3880 1251 3960 ταμὼν
1280 3900 1342 3963 pro
1370 3883 1446 3962 τεοί.

181 3995 276 4063 Valla
300 3995 593 4077 „Lacedaemonem
616 3997 747 4063 mittunt
769 3997 811 4064 ad
834 3998 1059 4083 paciscendum
1082 3995 1233 4084 legatos''.

227 4233 332 4318 Caput
355 4232 445 4323 72§
472 4237 498 4300 1.
534 4235 627 4321 Vulg.
658 4236 896 4317 τεντοοκοοχίλοοί
923 4229 957 4301 τε
991 4234 1033 4302 ὅτι
1065 4232 1121 4301 εἷεν
1144 4236 1193 4301 xci
1217 4238 1254 4301 οὐ
1278 4237 1447 4318 carpantur

179 4354 263 4437 μόνον
278 4354 301 4428 ον’
317 4353 506 4438 πράττοντος,
529 4353 556 4418 Β
572 4374 631 4450 pro
651 4356 682 4420 οὐ
703 4354 780 4448 tegit
799 4356 847 4441 οἱ,
866 4354 953 4449 quod
972 4353 1141 4421 ferendum
1161 4373 1224 4420 non
1244 4357 1310 4423 est:
1333 4355 1374 4422 de
1386 4375 1442 4425 nu·
