3000 4920
661 335 704 409 27

40 582 105 663 περὶ
132 586 233 646 τοῦτον
256 581 270 644 ὅ
292 581 461 661 Εὐρυμέδων
485 582 609 664 οὶπωνπᾷ
632 584 666 646 ἐκ
687 591 740 657 τῆς
764 584 903 655 Σικελίως
928 584 1102 671 οὶποπλέων,
1126 581 1155 657 ὃς
1179 586 1247 650 τότε
1266 588 1317 650 τοῦ

42 709 186 782 χειμῶνος
214 703 255 766 τὰ
277 703 424 782 gualam
448 699 532 778 ἄγων
554 712 591 783 τῇ
615 709 741 786 στρατιᾷ
764 703 958 784 ἀπεπέμφθη.
1006 703 1180 771 Consilium
1203 704 1314 790 igitur,

46 843 109 907 qno
143 820 347 907 Eurymedon
376 822 409 887 in
441 820 582 890 Siciliam
604 822 721 888 missus
744 827 833 909 erat,
866 822 990 888 nullum
1013 822 1092 907 fuit,
1115 823 1179 890 nisi
1202 828 1239 889 ut
1262 823 1318 890 sti·

45 941 201 1027 pendium
236 938 431 1007 transferret
466 939 649 1024 militesque
687 939 772 1007 bono
808 941 915 1008 animo
951 962 1022 1008 esse
1052 942 1188 1026 juberet.
1235 940 1319 1020 Quid

46 1063 163 1128 nahum
186 1062 213 1127 si
236 1061 396 1127 eredimus
418 1060 706 1146 Eurymedontem,
730 1062 867 1146 pecunia
889 1061 1029 1147 tradita,
1058 1084 1130 1128 cum
1153 1061 1317 1141 omnibus,

48 1202 129 1266 quas
152 1186 339 1267 acceperat,
363 1179 513 1267 navibus,
539 1185 597 1248 aut
620 1180 736 1247 saltem
759 1180 906 1265 pluribus
928 1201 1026 1267 qnam
1049 1203 1129 1270 una,
1153 1183 1188 1248 in
1203 1183 1318 1248 itinere

48 1301 252 1369 Demostheni
282 1300 407 1369 obviam
441 1321 511 1368 esse
542 1300 685 1368 lactum?
725 1300 936 1387 Nequaquam
959 1302 1044 1369 enim
1067 1307 1117 1370 est
1139 1301 1315 1369 tenendum

50 1421 157 1488 decem
186 1420 260 1487 illas
291 1440 390 1487 naves
413 1421 453 1504 (c.
479 1421 537 1504 16,
562 1421 595 1503 2)
625 1421 746 1488 anxilio
769 1441 839 1488 esse
863 1421 989 1491 missas.
1035 1422 1078 1487 Et
1099 1422 1162 1488 hac
1185 1422 1258 1506 ipsa
1280 1421 1315 1486 in

49 1559 84 1604 re
114 1539 250 1606 dissideo
273 1558 295 1605 a
317 1539 391 1606 viris
422 1539 543 1624 doctis,
575 1538 631 1623 qui
660 1540 818 1608 rationem
849 1539 1055 1606 subducendo
1086 1547 1154 1607 tres
1186 1546 1220 1606 et
1244 1559 1317 1624 sep-

10 1748 12 1757 .
51 1658 193 1744 tuaginta
222 1680 319 1726 naves
349 1658 447 1726 fuisse
479 1659 604 1726 docent.
650 1658 883 1727 Praecedentia
912 1665 949 1726 ut
980 1658 1121 1726 breviter
1144 1659 1315 1746 colligam,

10 1784 13 1873 ᾗ
55 1798 163 1845 moneo
196 1777 389 1857 Arnoldnm,
423 1777 628 1858 Classenum,
663 1778 915 1846 Hsrwerdenum
945 1779 1065 1864 injuria
1096 1778 1316 1858 constituisse,

54 1895 148 1962 fretos
177 1916 204 1964 c.
228 1897 268 1962 31
294 1901 315 1979 ξ
339 1896 378 1974 3,
413 1895 684 1982 Eurymedontem
714 1917 780 1962 una
811 1902 938 1964 tantum
968 1918 1040 1963 cum
1070 1917 1152 1963 nave
1182 1896 1225 1963 ad
1255 1897 1317 1962 De·

56 2014 245 2083 mosthenem
271 2015 464 2101 pervenisse.
510 2014 663 2101 Sequitur
686 2020 722 2081 nt
744 2015 857 2083 classis
880 2037 899 2081 e
921 2016 1067 2102 pluribus
1092 2035 1189 2100 quam
1212 2014 1317 2082 tribus

58 2137 87 2198 et
117 2135 317 2220 septuaginta
345 2134 480 2201 navibus
510 2135 691 2202 eonstiterit
721 2135 860 2219 ideoque
890 2136 1030 2212 adama
1056 2157 1122 2201 non
1151 2141 1272 2202 temere
1295 2155 1316 2201 a

59 2249 234 2338 Thucydide
256 2252 506 2339 abjudicandum
529 2251 580 2319 sit.

98 2368 172 2461 §4
195 2371 285 2458 Vulg.
308 2372 422 2439 οἱπλοῦν
443 2399 478 2438 τε
500 2373 539 2442 ὅν.
578 2373 606 2438 Β
630 2380 663 2441 et
686 2373 781 2441 Valla
803 2375 951 2461 copulam
975 2376 1137 2444 omittunt.

100 2488 175 2556 Ibid.
199 2489 290 2574 Vulg.
314 2492 343 2556 εἰ
374 2491 570 2572 sparsisse}
598 2517 642 2564 τις
665 2499 721 2557 τῶν
744 2495 907 2559 Ἐπιπολῶν
929 2503 983 2569 τῆς
1005 2494 1200 2581 οὶνιιβιὶοεως,
1222 2505 1245 2559 Β
1268 2495 1317 2568 μὴ

65 2606 304 2688 ε’πικρωπνὶσειὲ
333 2634 378 2682 τις
409 2614 464 2674 τῶν
494 2635 532 2674 πε
555 2613 720 2676 Ἐπιπολῶν
742 2619 794 2686 τῆς
817 2611 1003 2688 οὶνωβοὶοεως.
1050 2612 1159 2679 Valla:
1187 2611 1314 2696 „Siquis

66 2746 214 2795 ascensum
246 2728 455 2814 Epipolarum
482 2729 687 2815 occuparet”.
732 2729 840 2797 Recte.
875 2731 1149 2799 Bacorrectore
1173 2737 1315 2798 mutatus

67 2852 138 2914 certe
158 2853 223 2925 est;
252 2846 370 2914 etenim
392 2855 434 2928 μὴ
458 2847 535 2915 ferri
558 2869 763 2933 nequaquam
786 2855 894 2934 potest
916 2851 1086 2936 (Epipolas
1110 2852 1194 2918 enim
1216 2872 1316 2936 penes

66 2960 267 3048 Syracusanos
301 2969 407 3048 erant)
441 2986 545 3050 neque
579 2989 651 3034 cum
687 2967 812 3037 Stahlio
848 2992 980 3037 causam
1015 2972 1105 3038 video
1140 2971 1316 3055 recipiendi

65 3082 263 3170 ἔπικρωωὶσειε,
294 3084 449 3170 imprimis
480 3086 557 3169 quia
587 3085 736 3153 Vaticani
765 3088 884 3154 codicis
915 3089 1102 3156 emendator
1132 3090 1187 3157 ille
1217 3089 1317 3159 verba

10 3249 13 3262 .
67 3203 224 3288 conposita
258 3200 352 3268 valde
386 3203 507 3269 amavit
541 3224 643 3288 eaque
678 3226 737 3290 pro
773 3204 970 3292 simplicibus
1005 3206 1105 3274 semel
1136 3207 1318 3293 iterumque

10 3313 14 3376 l
67 3322 169 3407 reecpit
185 3323 221 3408 ¹).
254 3322 302 3388 De
326 3322 442 3406 copula
466 3324 505 3390 ci.
528 3345 554 3390 c.
581 3325 619 3390 ll
644 3321 669 3414 ξ
692 3325 722 3390 2.

10 3456 15 3498 i
101 3439 173 3507 Ibid.
194 3439 285 3527 Vulg.
309 3442 448 3519 ἠπείγετο
472 3443 615 3509 ἕπιθέσθωι
639 3453 677 3525 τῇ
697 3443 801 3527 πείρᾳ,
822 3447 871 3509 nal
886 3443 1113 3522 ξοννομωπιέπνν
1128 3446 1229 3522 ἡγεῖτο
1244 3445 1317 3510 διω-

10 3573 17 3619 t
68 3561 253 3642 πιλέμνιοιν,
277 3574 299 3629 Β
323 3609 414 3648 ....,
440 3563 493 3628 ool
516 3564 546 3628 οἱ
569 3562 795 3640 ξυνπομωτοίπην
818 3566 918 3641 ἡγεῖτο
941 3561 1176 3640 διαπολεμήσων.
1201 3561 1313 3632 Vallaz

10 3708 17 3740 ι
69 3697 132 3764 „spe
165 3682 250 3749 intra
285 3681 382 3750 breve
414 3688 610 3749 momentum
643 3681 730 3749 bello
763 3679 986 3767 defungendi”.
1029 3683 1152 3749 lterum
1184 3689 1315 3768 praeter

10 3823 19 3858 r
66 3801 272 3871 summitatem
294 3801 321 3868 B
345 3802 447 3869 secuti
477 3807 553 3869 sunt
575 3801 784 3889 interpretes,
815 3799 886 3868 sine
904 3800 994 3887 justa
1016 3821 1116 3868 causa
1137 3802 1314 3870 inserentes

10 3937 18 3978 ι
64 3915 96 3996 oi,
121 3921 204 4004 qnod
235 3922 269 3987 in
298 3921 385 3989 bona
414 3921 592 4008 graecitate
621 3920 702 3988 satis
732 3940 808 3987 raro
835 3917 1004 3988 invenitur.
1049 3920 1207 4006 Equidem
1232 3929 1313 4008 puto

10 4048 18 4100 ι
62 4055 91 4104 eo
118 4041 247 4108 consilio
270 4063 291 4109 a
312 4046 493 4111 correctore
523 4038 671 4109 additum
700 4058 773 4109 esse
799 4058 992 4126 pronomen,
1023 4044 1061 4107 nt
1083 4040 1313 4109 Demosthenes

59 4263 292 4276 *ιιι-

78 4401 104 4469 1)
122 4402 156 4456 ct
176 4402 307 4469 praelatio.
325 4417 383 4471 pag.
400 4402 471 4458 v111.
