3000 4920
675 314 719 382 35

54 563 153 643 πολλῷ
185 562 303 636 μιῖλλον
333 557 568 639 ἐνηνερμένοι
599 553 691 640 ἦσαν,
715 567 737 620 Β
761 552 921 634 ἐπηρμένοι.
968 549 1082 617 Valla:
1109 544 1327 634 „Syracusani

57 685 183 766 autem,
215 680 277 747 hoe
311 684 463 765 percepto
499 684 531 744 et
564 677 628 763 ipsi
660 681 752 742 tanto
786 672 1000 760 promptiores
1034 667 1258 736 efficiebantur
1280 665 1323 731 ad

56 799 182 866 illorum
215 799 325 884 fugam
360 794 624 884 prohibendam.”
667 794 782 879 Valla,
821 793 855 858 ni
882 790 994 875 fallor,
1022 793 1151 856 secutus
1179 790 1229 853 est
1257 783 1326 849 vul·

57 925 174 1005 getam.
219 918 350 985 Variam
387 917 558 984 lectionem
599 937 639 982 ex
677 915 962 998 interpretamento
992 914 1097 977 ortam
1130 927 1199 973 esse
1230 909 1329 990 puto,

10 1038 14 1111 ζ·
54 1038 152 1123 idque
175 1043 211 1105 ut
233 1037 379 1124 credam,
402 1035 482 1104 fauit
497 1036 578 1102 liber
596 1033 836 1120 Lugdunensis,
854 1033 889 1098 in
903 1049 969 1115 qno
985 1028 1135 1109 ἐπηρμένοι
1151 1031 1200 1094 est
1216 1045 1329 1110 super·

10 1160 13 1165 ’
56 1159 220 1244 seriptum.

10 1336 12 1341 .
103 1275 185 1343 Ibid.
216 1274 310 1360 Vulg.
341 1277 379 1347 ὥς
405 1275 454 1339 καὶ
487 1277 582 1341 αὐτῶν
612 1272 840 1350 κατεγνωκότυν
862 1271 914 1348 ἤδη
938 1270 1043 1348 μηκέτι
1067 1267 1231 1350 κρεισσόνων
1254 1261 1328 1332 εἶναι

54 1400 173 1478 σφῶν,
197 1406 219 1459 Β
242 1398 340 1477 σφῶν
362 1418 405 1459 τε.
443 1390 598 1477 Copulam
621 1412 771 1476 peruerse
793 1391 948 1457 insertam
972 1409 1077 1474 neque
1093 1388 1135 1455 ab
1151 1388 1329 1471 interprete

54 1513 123 1581 ullo
145 1511 315 1598 probatam
339 1532 404 1577 non
426 1510 585 1597 expressit
606 1509 709 1578 Valla.

102 1637 127 1724 ξ
162 1635 193 1700 2.
229 1633 321 1720 Vulg.
355 1639 388 1700 et
421 1633 456 1700 B.
491 1635 547 1707 τοὶς
574 1632 620 1700 οὖν
643 1640 713 1707 ναῦς
736 1633 876 1712 ἐπλήρουν
899 1632 949 1698 καὶ
972 1630 1196 1696 ἀνεπαύοντο
1219 1626 1329 1709 ἡμέρας

52 1751 123 1820 ὅσαι
159 1755 258 1827 αὐτοῖς
292 1754 402 1821 ἐδόκουν
437 1755 534 1820 ἱκαναὶ
570 1751 652 1821 εἶναι.
699 1751 810 1819 Valla:
850 1752 986 1836 „Itaque
1018 1771 1115 1817 naves
1136 1747 1272 1834 implent
1297 1750 1332 1812 et

54 1874 185 1959 aliquot
214 1875 300 1954 dies,
330 1882 410 1960 quot
440 1875 519 1942 satis
549 1895 620 1940 esse
650 1873 709 1940 risi
736 1878 830 1960 sunt,
855 1866 1114 1956 conquiescunt’'
1160 1865 1255 1935 Solus
1278 1869 1329 1932 est

52 1995 140 2061 liber
169 1994 271 2061 Italus
301 1994 372 2082 (A),
403 1994 459 2079 qui
489 1993 625 2078 protulit
647 1995 831 2075 ἀνεπειρῶντο
857 1990 897 2057 ab
922 1989 1097 2057 editoribus
1120 1987 1207 2072 quod
1230 1985 1330 2052 seiam

54 2112 207 2180 omnibus
239 2119 413 2199 receptum.
460 2113 618 2198 Equidem
652 2110 750 2198 paulo
784 2109 935 2177 temerius
958 2107 1118 2175 librorum
1141 2126 1331 2173 eonsensum

54 2235 204 2316 spretum
232 2252 303 2298 esse
335 2231 477 2299 dixerim.
524 2230 646 2311 Quibus
678 2231 762 2297 enim
792 2228 990 2315 argumentis
1020 2227 1121 2293 Italus
1153 2224 1331 2310 probatur?

55 2349 146 2416 Audi
168 2348 372 2416 Clausentum:
399 2349 475 2431 „rim
498 2354 568 2423 ναῦν
591 2350 731 2429 ἐπλήρουν
753 2347 803 2412 καὶ
827 2349 1014 2425 ἐνεπειρῶντο
1036 2366 1142 2431 genau
1165 2345 1223 2411 wie
1246 2365 1275 2412 o.
1299 2345 1330 2433 7,

56 2468 90 2535 4.
115 2467 176 2553 vgl.
199 2468 284 2535 auch
307 2490 333 2536 e.
353 2471 410 2548 12,
435 2468 473 2549 5,
496 2469 561 2534 und
585 2467 719 2535 deshalb
742 2467 785 2533 ist
807 2465 1005 2547 torretorre,
1029 2466 1106 2532 dass
1129 2464 1181 2531 die
1197 2464 1332 2530 meisten

56 2587 136 2656 Hes.
161 2588 260 2669 (auch
283 2586 402 2673 Vatie)
424 2587 549 2665 haben,
574 2584 789 2672 unmdglioh.”
834 2585 877 2652 At
899 2607 1014 2671 rogare
1038 2583 1144 2665 velim,
1172 2584 1248 2669 quid
1268 2582 1332 2650 loci

56 2707 185 2772 laudati
208 2706 366 2773 adrem?
412 2706 496 2774 Sane
519 2728 557 2772 eo
581 2713 742 2792 tempore,
767 2725 926 2791 queres,
950 2729 967 2771 o
1001 2705 1019 2770 7
1046 2713 1078 2772 et
1104 2706 1146 2770 12
1171 2707 1331 2783 narratae,

57 2823 198 2905 fiebant,
223 2825 498 2913 Syracusanorum
522 2827 635 2893 elassis
659 2849 719 2896 usu
743 2835 776 2894 et
798 2826 924 2894 ratione
947 2825 1075 2891 navium
1091 2822 1331 2891 Atheniensium
1359 2832 1363 2841 “

59 2943 163 3012 classe
186 2944 411 3031 superabatur.
459 2947 607 3013 Attamen
631 2947 760 3013 interim
785 2945 824 3013 iis
847 2967 899 3012 res
922 2945 1054 3012 nautica
1076 2945 1111 3010 in
1133 2944 1227 3028 longe
1242 2941 1331 3008 meli·

59 3083 151 3129 orem
179 3062 306 3130 devenit
334 3063 458 3144 locum,
489 3070 526 3130 ut
556 3064 709 3132 doeemur
738 3086 808 3151 cap.
831 3065 877 3131 40
899 3069 932 3131 et
954 3065 1052 3149 411).
1098 3063 1212 3146 Itaque
1236 3061 1331 3148 Syra-

60 3181 189 3248 cusanis
223 3203 289 3249 non
322 3189 510 3269 tantopore,
545 3182 606 3251 hoo
641 3185 753 3251 saltem
788 3184 943 3269 temporis
966 3188 1103 3269 puncto,
1127 3203 1208 3267 opus
1231 3180 1331 3247 fuisse

59 3301 290 3369 exercitatione
321 3308 502 3370 statuamus
524 3325 655 3370 neeesse
678 3310 736 3370 est.
783 3303 865 3383 Quin
889 3304 953 3369 imo
976 3304 1016 3369 iis
1039 3323 1228 3388 persuasum
1252 3305 1332 3380 erat,

60 3418 271 3487 Athenienses
303 3422 436 3509 dejectis
467 3443 537 3489 esse
561 3423 695 3508 animis,
727 3424 783 3506 qni
806 3442 910 3507 neque
934 3421 1037 3488 classe
1060 3441 1163 3507 neque
1185 3420 1332 3505 peditatu

62 3537 198 3624 amplius
229 3549 338 3608 essent
362 3542 561 3627 superiorem
586 3564 615 3608 c.
638 3544 680 3608 51
705 3539 730 3632 ξ
754 3545 771 3606 l
797 3543 821 3606 oi
846 3543 875 3608 δὲ
898 3552 935 3609 Σ.
960 3542 1008 3606 καὶ
1032 3542 1114 3607 αὐτοὶ
1138 3546 1222 3607 τοῦτο
1247 3540 1281 3625 (i.
1306 3561 1332 3605 e.

62 3656 303 3725 Atheniensium
337 3659 478 3728 Siciliam
509 3661 714 3746 relinquendi
745 3659 926 3745 consilium)
950 3660 1100 3738 πυθόμενοι
1126 3661 1226 3741 πολλῷ
1249 3662 1332 3732 patt-

61 3791 109 3843 λον
133 3779 318 3859 ἐγηγερμένον
342 3777 416 3856 ἦσαν
439 3783 481 3858 μη
504 3781 611 3846 οὶνιένοιι
637 3783 677 3846 τοὶ
701 3787 758 3846 τῶν
781 3781 938 3859 Αθηναῖοι,
953 3782 990 3852 ὥς
1006 3779 1056 3844 καὶ
1073 3782 1168 3844 αὐτῶν
1184 3803 1331 3855 κατεγνυ-

61 3896 150 3963 utres
180 3897 232 3974 ἤδη
262 3898 367 3976 μηκέτι
394 3903 558 3980 κρειττόνων
581 3897 652 3966 εἶναι
677 3907 760 3983 σφῶν
783 3902 861 3977 μήτε
883 3907 950 3972 ταῖς
975 3899 1059 3964 ναυσὶ
1081 3898 1159 3977 μήτε
1181 3899 1222 3978 τῷ
1245 3896 1332 3978 πεζῷ.

10 4012 12 4049 ⁵
61 4015 146 4083 Num
168 4017 239 4102 quis
263 4016 435 4085 crediderit
457 4019 619 4099 homines,
643 4019 760 4104 quibus
783 4019 858 4086 talis
879 4019 918 4084 de
939 4016 1197 4083 adversariorum
1212 4013 1332 4081 viribus

92 4285 123 4351 1)
140 4284 203 4351 Cap.
218 4283 253 4336 40
270 4285 284 4350 5
300 4285 325 4336 i.
347 4286 419 4335 κατὰ
436 4284 527 4348 κράτος
545 4287 738 4348 ναυμαχοῦντες
756 4285 782 4334 οἱ
794 4285 936 4347 Συρακόσιοι
955 4279 1103 4344 expertem.
1126 4297 1149 4332 c.
1166 4281 1197 4332 dd
1216 4281 1230 4346 ἓ
1246 4281 1271 4333 4.
1288 4279 1332 4332 καὶ

60 4389 105 4450 τῆν
125 4385 220 4442 ἐλπίδα
237 4386 284 4446 ἤδη
301 4384 395 4452 ἐχυρδιν
413 4382 484 4450 εἶχον
502 4387 540 4453 (οἱ
553 4388 591 4452 Σ.)
609 4386 667 4445 ταῖς
685 4384 729 4447 μὲν
747 4382 820 4433 ναυσὶ
838 4382 881 4434 καὶ
899 4385 966 4432 πολϋ
982 4383 1112 4446 κρείσσους
1130 4378 1199 4433 εἶναι.
