2962 4912
636 448 638 453 .
681 352 740 415 121

124 586 199 653 Ibid.
234 587 327 672 Vulg.
365 586 585 666 Ἀρνεννοάσαιρ
619 587 669 652 vel
705 587 916 667 Ἀργινούσαις.
954 587 1235 666 ΒἈρνενοάοσαις.
1266 586 1346 653 Cum

80 699 288 772 Ierverdeno
312 705 517 770 scribendum
540 711 590 771 est
613 704 841 784 Ἀργινούσσαις.

123 823 196 913 §a
232 823 350 890 Omnes
386 823 477 890 libri:
514 827 641 891 ἐντεῦθεν
675 825 700 889 δ’
732 825 774 889 ἔτι
806 831 918 896 πολλῆς
950 823 1049 894 νυκτὸς
1080 822 1346 903 παραπλεύσαντες

80 945 131 1019 ἢν
157 947 303 1023 Κυμαίαν.
340 946 601 1030 Uniuscuiusque
632 951 682 1011 est
712 944 912 1029 proscribere
936 946 987 1018 rba
1010 944 1148 1021 Κυμαίαν
1171 964 1189 1009 e
1212 963 1345 1028 praece·

80 1062 163 1128 lenti
191 1065 399 1150 paragrapho
431 1065 494 1130 buc
527 1084 681 1149 perverse
711 1064 883 1141 insertum3
916 1063 1033 1129 etenim
1052 1063 1121 1149 J'am
1145 1062 1245 1128 multo
1269 1067 1345 1128 ante

80 1202 164 1246 »ram
195 1182 373 1267 Cymanam
395 1183 608 1266 praetervecti
631 1187 731 1248 erant.
773 1180 866 1248 Solus
889 1185 939 1247 est
961 1179 1074 1266 Valla,
1107 1181 1163 1265 qui
1189 1180 1346 1246 emblema

80 1317 142 1362 ron
169 1299 262 1365 vidit:
300 1299 415 1380 „Unde
448 1300 548 1368 multa
580 1305 674 1366 nocte
705 1298 944 1383 proficiscentes
968 1348 975 1364 .
996 1349 1004 1366 .
1027 1346 1034 1363 .
1057 1348 1065 1364 .
1089 1299 1279 1384 perveniunt
1313 1298 1347 1363 in

80 1414 272 1483 {hostium’l

127 1654 228 1740 eaput
253 1657 316 1721 102
340 1652 364 1744 ᾗ
389 1657 420 1723 2.
457 1655 550 1742 Vulg.
584 1658 639 1728 τάς
669 1658 698 1721 δὲ
728 1658 808 1733 μετά
840 1662 890 1722 τοῦ
922 1656 1067 1737 Μινδάρου
1183 1655 1348 1727 κατιδόντες

80 1773 133 1845 ’ἢν
154 1773 243 1850 δίωξιν
267 1775 348 1847 εὐθὺς
374 1776 532 1852 ποιούμενοι
553 1779 584 1842 οὐ
600 1777 739 1858 φθάνουσι
755 1782 882 1843 πάσαν.
906 1788 928 1841 Β
951 1776 1082 1848 πάσας.
1104 1773 1259 1841 Neutrum
1275 1795 1348 1858 pro·

80 1893 221 1958 »andum
256 1891 383 1959 videtur
420 1894 480 1959 etsi
514 1895 676 1978 vulgatam
710 1915 767 1978 per
802 1915 837 1960 se
868 1893 1075 1980 rejiciendam
1106 1892 1253 1977 equidem
1284 1912 1349 1957 non

80 2014 172 2086 suto,
198 2010 300 2078 fretus
324 2033 351 2079 o.
379 2014 443 2078 104
466 2017 486 2097 ξ
509 2015 547 2090 2,
573 2019 593 2096 ξ
618 2014 655 2093 3,
678 2013 734 2078 ubi
757 2014 854 2080 etiam
878 2013 1035 2079 classiarii
1056 2012 1172 2078 milites
1196 2016 1229 2077 et
1251 2030 1348 2076 naves

80 2129 333 2214 :onjunguntur3
368 2136 538 2217 praeterea
572 2138 608 2197 ut
644 2132 808 2204 κατιδόντες
840 2137 928 2199 recte
966 2133 1084 2198 dicitur
1119 2131 1159 2197 de
1196 2129 1349 2195 militibus

80 2245 172 2324 psis,
194 2247 241 2314 ita
261 2250 356 2334 juxta
378 2250 535 2330 Φίάνουσι,
559 2250 647 2334 quod
671 2250 713 2317 ad
737 2272 832 2317 naves
856 2250 1005 2336 respicit,
1024 2249 1102 2316 ferri
1117 2253 1224 2333 potest
1238 2251 1346 2316 πάσαν.

80 2357 199 2430 teiskii
231 2366 413 2433 emendatio
443 2369 553 2440 πάσαις
587 2369 715 2435 arridet.
761 2370 810 2434 Ex
840 2369 935 2436 Valla
965 2369 1045 2435 nihil
1067 2369 1146 2434 certi
1168 2367 1347 2434 lucramur:

80 2480 141 2556 ¹,in
170 2491 376 2569 conspectum
406 2495 563 2554 venerunt
593 2488 713 2554 classes
729 2490 770 2574 (ί)
804 2487 944 2554 blindari
967 2493 1000 2554 et
1022 2487 1170 2572 evestigio
1193 2485 1290 2571 fugae
1315 2507 1349 2552 ss

80 2601 283 2667 mandarunt.
330 2602 440 2687 Neque
473 2611 583 2671 tamen
621 2626 731 2672 omnes
765 2604 876 2690 fugam
912 2603 1139 2689 occuparunt’'.
1186 2603 1277 2681 Quod
1307 2603 1350 2670 ad

82 2717 145 2782 oei
172 2721 364 2805 scripturam
396 2721 528 2802 attinet,
560 2743 629 2789 rem
660 2743 722 2790 acu
752 2724 894 2808 tetigisse
925 2723 1002 2789 mibi
1032 2723 1158 2790 videtur
1180 2722 1348 2801 Naberus,

80 2836 140 2911 lui
160 2837 408 2906 commendavit:
432 2842 483 2915 τὴν
507 2838 612 2916 άνοιξιν
636 2842 717 2914 εὐθὺς
741 2842 951 2928 ποιούμενοιῙ).

130 2955 207 3026 Ibid.
237 2959 308 3022 άλλ’
339 2960 371 3023 αἱ
402 2961 457 3035 μὲν
487 2964 603 3033 πλείους
635 2960 683 3024 ἐπὶ
713 2969 765 3035 τῆς
798 2962 938 3042 ἠπείρου
969 2962 1019 3026 καί
1051 2963 1171 3038 Λάρανον
1202 2960 1349 3044 διέφυγον.
1458 3015 1460 3020 .

80 3064 110 3129 Β
136 3073 176 3141 01.
205 3077 282 3143 Ven.
306 3078 461 3160 Ἴμβρου.
497 3080 591 3163 Apud
622 3100 673 3146 me
705 3084 849 3164 constat,
880 3078 974 3145 lectio
998 3077 1145 3144 Vaticani
1168 3079 1196 3144 si
1220 3079 1351 3163 cognita

80 3204 148 3258 10n
169 3204 272 3276 esset,
296 3199 455 3265 neminem
480 3198 621 3284 scrupuli
641 3200 718 3284 quid
735 3198 907 3266 offendisse
922 3200 1119 3283 invulgata,
1143 3219 1214 3263 cum
1231 3199 1351 3282 optime

80 3300 201 3380 z'aetum
234 3336 305 3382 esse
328 3318 444 3401 possit,
469 3322 506 3383 ut
529 3339 626 3385 naves
649 3319 683 3383 in
705 3318 802 3384 Asiae
826 3318 1042 3385 continentem
1064 3316 1213 3401 lugerint.
1260 3316 1351 3394 Quod
1424 3338 1429 3350 ·

80 3433 249 3505 {nominos
289 3439 469 3501 statuamus
509 3457 713 3520 nequaquam
744 3437 851 3504 obstat
880 3434 904 3526 ξ
935 3439 955 3502 2
986 3437 1155 3513 βουλόμενοι
1188 3438 1351 3500 ἐκπνεῦσαι

80 3536 115 3611 ἒς
136 3551 182 3624 τίνι
198 3552 393 3636 εὐρυχωρίαν,
418 3553 505 3637 quod
521 3554 600 3620 nihil
617 3555 776 3639 significat
793 3556 854 3621 nisi
869 3554 1080 3621 Athenienses
1096 3554 1171 3620 freti
1187 3554 1351 3639 angustias

80 3656 181 3731 Vitare
204 3668 350 3735 voluisse.
397 3670 550 3737 Attamen
573 3672 811 3739 concedendum
833 3679 882 3738 est
905 3672 1053 3758 Vaticani
1075 3671 1246 3738 lectionem
1271 3669 1351 3737 arri-

80 3768 158 3847 ]ere
179 3784 276 3869 idque
302 3787 459 3871 imprimis
483 3788 525 3854 ob
549 3811 576 3854 c.
596 3791 659 3855 103
683 3788 707 3879 ξ
729 3791 751 3854 2
773 3792 830 3860 τοὶς
856 3791 888 3854 εἰσ
910 3799 963 3864 τῆς
982 3790 1107 3870 ’Ίροβρου
1130 3789 1194 3855 άσαι
1220 3788 1351 3870 κατέφυ-

80 3907 140 3959 rav
160 3903 272 3990 (quot)
297 3904 479 3986 κομίζουσαι,
514 3907 599 3972 unde
623 3913 656 3973 et
680 3907 910 3974 correctionem
933 3907 1086 3990 originem
1108 3906 1224 3973 ducere
1240 3927 1353 3991 persu-

80 4022 175 4084 asum
206 4021 284 4086 mihi
314 4029 372 4088 est.
419 4025 493 4091 Una
524 4029 630 4090 autem
662 4025 740 4091 mihi
766 4031 869 4090 restat
899 4022 1092 4090 difficultas:
1124 4024 1151 4089 si
1183 4045 1280 4089 naves
1312 4023 1352 4090 de

80 4132 197 4207 umbus
220 4160 248 4205 c.
275 4140 339 4206 103
362 4139 400 4207 fit
428 4142 564 4228 mentio,
589 4142 721 4208 eaedem
749 4149 837 4230 sunt,
862 4161 945 4226 quae
973 4146 1084 4208 nostro
1112 4141 1182 4208 loco
1210 4141 1352 4208 imbrum

82 4283 331 4311 X—

121 4393 146 4460 1)
164 4401 348 4471 Mnemosyncs
364 4405 398 4458 N.
417 4405 443 4457 S.
462 4407 510 4458 vol.
528 4406 597 4458 lllll.
615 4422 673 4474 pag.
690 4407 748 4459 431.
