3000 4920
729 337 780 405 994

116 574 178 642 iret
199 575 334 661 ipseque
355 576 390 641 in
408 575 554 662 judicum
577 581 746 644 vocaretur
764 577 848 662 ....)
871 575 996 642 ridetur
1017 575 1095 643 mihi
1110 577 1228 662 optime
1244 578 1384 646 omnium

235 715 367 762 causam
402 696 517 781 capitis
553 695 735 762 dixisse'’.
781 695 809 760 E
842 695 940 762 verbo
975 694 1118 763 dixisse
1152 696 1314 785 sequitur,
1347 704 1387 766 ut

118 813 212 880 Vella
244 834 352 881 veram
383 814 552 882 lectionem
582 814 696 881 viderit
725 813 1072 901 ἀπολογησάμενος,
1102 835 1186 900 quae
1215 815 1249 881 in
1279 816 1306 881 B
1335 821 1386 883 est

119 931 294 1016 depravata
316 932 350 999 in
372 933 699 1013 ἀπολογησόμενος.

160 1049 184 1141 ξ
208 1052 238 1118 3.
260 1051 352 1138 Vulg.
375 1052 567 1135 Φρύνιχος,
591 1065 613 1119 Β
637 1054 651 1118 ὁ
675 1056 846 1135 Φρῦνιχος
869 1052 998 1120 rectius.

161 1287 267 1374 Caput
298 1290 340 1356 69
370 1286 395 1379 ἓ
430 1292 458 1355 l.
493 1288 587 1376 Vulg.
624 1291 718 1372 τρόπον
751 1289 847 1372 τοιῷδε
881 1289 995 1372 ὕστερον
1028 1289 1097 1366 ἤδη,
1132 1300 1155 1354 Β
1185 1289 1236 1366 ἤδη
1270 1288 1384 1372 ὕστερον

118 1408 210 1490 τρόπῳ
232 1408 339 1490 τοιῷδ.

159 1525 240 1594 Ibid.
264 1526 355 1613 Vulg.
379 1528 403 1593 ol
426 1528 450 1594 δ’
474 1540 496 1594 Β
520 1531 551 1595 οὐ
574 1529 599 1593 δ’
622 1549 801 1614 perperam.

159 1642 238 1735 §2
265 1645 355 1732 Vulg.
387 1649 436 1713 ὑπ’
473 1650 572 1721 αὐτοῖς
604 1655 663 1721 τοῖς
695 1645 811 1732 ὅπλοις
842 1661 864 1713 Β
897 1646 952 1713 ἐτ’
983 1651 1087 1726 recte,
1120 1646 1217 1713 etiam
1247 1645 1385 1714 aVella

117 1783 321 1848 expressum:
345 1765 454 1850 „apud
478 1765 599 1833 arma''.
869 1848 871 1853 Ι

159 1880 241 1949 Ibid.
265 1881 356 1969 Vulg.
388 1888 474 1951 recte
496 1886 616 1961 Τήνιοι
623 1906 632 1962 ;
659 1883 770 1950 Valla:
806 1881 945 1964 „Tenii'’.
968 1883 995 1948 B
1019 1887 1169 1968 corrupte
1191 1883 1284 1958 Τήιοι.

158 1999 183 2091 ξ
207 2001 238 2067 3.
262 2000 355 2087 Vulg.
378 1999 425 2075 οὓς
448 2005 472 2069 οἱ
497 2001 641 2080 Ἀθηναῖοι
664 2005 807 2085 ἔπεμψαν
830 2003 1008 2077 οἰκήσοντας.
1031 2001 1144 2067 Futuri
1160 2001 1288 2070 notione
1303 2022 1384 2086 opus

115 2123 183 2205 est,
209 2118 347 2203 ideoque
376 2118 403 2183 B
433 2118 551 2205 injuria
573 2119 674 2188 refert
695 2122 873 2197 οἰκήσαντες.
919 2118 1015 2186 Valle
1037 2117 1154 2203 probe:
1186 2139 1285 2204 „quos
1307 2119 1384 2187 illuc

115 2236 299 2303 habitatum
329 2238 483 2305 miserant
505 2237 748 2308 Atheniensee'’.
794 2238 833 2304 In
854 2237 882 2303 B
906 2256 1032 2322 quoque
1055 2235 1149 2302 abest
1171 2235 1338 2306 articulus.

159 2353 240 2420 lbid.
275 2353 370 2441 Vulg.
403 2351 444 2429 οἷς
474 2362 592 2422 ταῦτα
615 2355 772 2438 προείρητο,
796 2368 819 2422 Β
842 2354 952 2421 ταῦτα.
998 2355 1041 2420 Et
1062 2354 1124 2421 hoc
1147 2359 1179 2420 et
1203 2353 1282 2420 illud
1306 2353 1384 2421 ferri

111 2477 243 2559 potest,
266 2493 462 2559 quamquem
484 2481 559 2559 post
579 2474 678 2542 verba
700 2477 752 2541 ἐπ’
775 2474 862 2541 αὐτὸ
885 2480 987 2540 τοῦτο
1011 2470 1125 2549 ἥκοντες
1148 2473 1381 2541 rixverisimile

112 2597 166 2658 est
195 2592 386 2677 scriptorem
411 2593 532 2659 iterum
563 2592 690 2660 dedisse
720 2594 835 2672 ταῦτα,
856 2594 943 2678 quod
966 2593 1008 2660 ad
1032 2593 1224 2660 senteutiam
1248 2592 1316 2661 fere
1339 2594 1381 2661 ab

112 2712 164 2775 ἐτ’
197 2710 270 2776 αὐτὸ
299 2715 383 2777 τοῦτο
413 2731 479 2778 non
510 2709 745 2798 discrepet‚et
767 2731 869 2796 paene
893 2709 1015 2794 puerile
1038 2711 1117 2795 quid
1138 2709 1246 2777 habet
1287 2710 1384 2778 Valla

111 2828 263 2914 vulgatae
286 2830 452 2897 concinere
474 2830 616 2897 ridetur:
644 2829 780 2915 „quibus
803 2830 837 2895 id
860 2829 1022 2915 negotium
1044 2828 1155 2895 datum
1178 2827 1258 2896 est.’'

158 2945 240 3037 §4
263 2946 355 3034 Vulg.
385 2951 410 3015 ol
433 2946 519 3017 εἴκοσι
542 2949 593 3016 καὶ
616 2950 717 3016 ἑκατὸν
739 2949 809 3029 μετ’
833 2951 928 3014 αὐτῶν
948 2952 1093 3024 Ἕλλανες
1115 2947 1264 3014 νεανίσκοι.
1299 2946 1326 3011 Β
1350 2954 1384 3014 et

111 3067 260 3133 nonnulli
283 3067 339 3135 alii
362 3067 513 3135 omittunt
531 3065 686 3149 Ἕλληνες,
713 3067 809 3153 quod,
833 3067 893 3134 etsi
916 3066 1055 3135 fortasse
1078 3068 1175 3154 paulo
1198 3068 1381 3136 inusitatius

111 3185 261 3252 additum
293 3190 360 3269 est,
390 3190 498 3252 tamen
529 3206 586 3251 our
617 3184 840 3270 proscribatur
869 3190 977 3252 exstat
1005 3206 1104 3253 causa
1126 3185 1224 3253 nulla.
1269 3186 1383 3255 Nonne

110 3301 186 3369 fieri
217 3308 343 3389 potest,
378 3308 414 3369 ut
446 3301 480 3369 hi
510 3304 654 3380 Ἕλληνες
694 3304 832 3370 νεανίσκοι
872 3311 1079 3390 apponantur
1111 3304 1174 3371 illis
1198 3304 1383 3372 custodibus

111 3421 261 3508 Andriis‚
301 3421 425 3501 Teniis,
464 3421 640 3509 Carystiis?
677 3422 787 3490 Valla:
842 3422 1089 3504 „comitantibus
1123 3428 1251 3490 centum
1273 3422 1384 3509 viginti

113 3539 372 3609 adolescentibus
395 3539 557 3608 Greeoid'.

159 3656 240 3724 Ibid.
263 3657 355 3744 Vulg.
379 3657 407 3724 ri
426 3660 457 3725 sl
479 3683 534 3726 τον
556 3671 578 3725 Β
601 3659 629 3726 εἴ
649 3659 704 3726 σού
726 3684 755 3725 τι
778 3659 884 3725 minue
906 3665 1003 3726 recte.
1037 3658 1133 3726 Valle
1159 3658 1291 3740 „sicubi

162 3893 268 3978 Caput
291 3895 334 3960 to
364 3891 388 3983 ξ
414 3895 440 3959 1.
473 3893 566 3980 Vulg.
600 3897 637 3967 ὥς
667 3895 714 3960 δέ.
744 3908 767 3960 Β
797 3919 847 3973 τε,
879 3894 966 3978 quod
991 3895 1061 3980 jam
1091 3894 1237 3979 sequenti
1267 3893 1384 3979 copula

115 4012 300 4079 damnatur.
335 4012 448 4081 Valla:
475 4013 609 4099 „Itaque
631 4013 717 4080 huno
739 4014 773 4080 in
796 4012 925 4081 modum
948 4016 1078 4079 senatus
1100 4011 1292 4097 prorepsit'’.

160 4131 242 4197 Ibid.
267 4129 361 4215 Vulg.
384 4133 409 4196 oi
432 4131 460 4197 δὲ
485 4133 733 4213 τετρακόσιοι,
764 4146 787 4198 Β
811 4131 973 4213 τριακόσιοι.
995 4131 1044 4197 De
1066 4129 1216 4197 Vaticani
1238 4130 1382 4197 lectionis

114 4249 201 4317 falsa
232 4253 351 4314 natura
379 4269 474 4317 nemo
505 4249 646 4333 dubitat;
670 4228 776 4337 neque
798 4256 906 4318 tamen
929 4250 1075 4335 equidem
1099 4250 1261 4336 vulgatam
1283 4250 1382 4317 since·

113 4389 185 4442 rum
220 4369 319 4457 duco,
353 4367 572 4462 praemonitus
603 4372 718 4446 vallae
748 4373 1030 4466 interpretatione,
1060 4372 1095 4438 in
1117 4391 1183 4464 qua
1205 4370 1381 4457 τετρακόσιοι
