3000 4920
744 309 786 378 39

104 553 218 620 Πύλου
244 554 317 618 τότε
340 555 390 619 ὑπ’
412 553 568 627 Ἀθηναίων
590 550 732 634 ἐχομένης
757 554 786 625 ἐς
808 551 858 617 τὸν
881 551 1009 629 πόλεμον
1033 552 1277 635 παρελήφθησαν,
1293 563 1314 616 Β
1329 600 1336 615 .
1350 601 1356 615 .
1370 599 1400 616 ..

110 674 150 738 ἔκ
172 673 418 739 Ναυπάκτου.
442 671 534 739 Valla
557 672 720 758 vulgatam
744 692 898 756 sequens:
928 671 1056 754 „Etiam
1079 671 1135 755 qui
1150 692 1234 737 nune
1252 670 1402 736 Messenii

116 794 331 875 „vocitantur
361 791 448 877 apud
480 790 703 877 Naupactum,
735 796 768 857 et
798 812 837 857 ex
860 791 958 877 Pylo,
981 791 1037 874 qui
1059 796 1136 856 tunc
1160 789 1202 856 ab
1226 789 1401 856 Athenien·

117 913 237 994 „sibus
262 911 453 989 tenebatur,
477 911 519 977 ad
541 911 603 978 hoc
625 911 743 977 bellum
767 911 925 995 assumpti
950 910 1056 976 sunt''.

161 1030 259 1097 Satis
291 1030 443 1097 intricata
477 1035 527 1096 est
557 1030 722 1114 quaestio:
754 1035 887 1115 propter
916 1029 1087 1105 καλούμενοι
1119 1033 1342 1114 exspectamus
1373 1032 1402 1094 ἐν

113 1148 321 1230 Ναυπάκτῳ,
354 1152 463 1215 tamen
493 1155 529 1216 ut
553 1148 730 1215 scribamus
753 1150 786 1215 ἐκ
808 1148 993 1214 Ναυπάκτου
1020 1149 1136 1215 suadet
1159 1149 1400 1230 παρελήφθησαν.

112 1269 180 1337 (lui
215 1267 403 1336 difficultati
434 1268 555 1334 mederi
579 1275 714 1335 conatus
737 1272 786 1334 est
808 1265 983 1334 Glaaseuus
1006 1266 1150 1334 scribens
1174 1269 1203 1333 ἐν
1227 1267 1403 1349 Ναυπάκτῳ

112 1391 146 1454 ἐκ
172 1388 387 1468 Ναυπάκτου,
418 1387 505 1473 quod
532 1389 618 1474 J'am,
651 1386 809 1456 absonum
840 1408 912 1453 cum
936 1388 992 1465 sit,
1027 1386 1177 1473 amplecti
1200 1409 1266 1455 non
1289 1407 1402 1472 possu-

112 1529 205 1574 mus.
240 1506 349 1592 Magis
372 1506 449 1572 mihi
472 1507 601 1592 quidem
624 1507 746 1573 arridet
768 1506 900 1592 vulgata
922 1507 1055 1590 paulum
1077 1507 1265 1574 immutata:
1296 1509 1355 1574 Kal
1378 1509 1402 1573 οἱ

113 1627 286 1701 Μεσσήνιοι
309 1630 356 1690 νῦν
378 1625 549 1705 καλοιίροενοι
572 1627 596 1690 oi
619 1628 649 1691 ἕν
673 1627 849 1708 Ναυπάκτῳ
872 1626 921 1691 καὶ
945 1626 969 1690 ol
993 1627 1025 1691 ἐκ
1049 1637 1147 1692 Πνλου
1170 1627 1231 1692 κτὲ.

167 1869 191 1946 ξ
215 1865 248 1930 9.
273 1863 363 1949 Vulg.
400 1865 529 1946 Ἀργεῖοι
559 1865 613 1945 μὲν
645 1868 677 1932 οὐ
700 1874 753 1942 τῆς
777 1875 829 1940 τῆς
856 1864 1038 1947 ξυμμαχίας
1061 1864 1146 1932 ἕνεκα
1169 1869 1285 1938 αάλλον
1308 1866 1325 1942 ἤ
1348 1874 1402 1942 τῆς

129 1984 367 2060 Λακεδαιμονίων
400 2010 434 2050 τε
466 1985 573 2067 ἔχθρας
605 1985 655 2051 καί
686 1994 739 2062 τῆς
771 1985 941 2065 παραυτίκα
971 1984 1089 2051 ἕκαστοι
1120 1985 1194 2058 telae
1219 1993 1328 2066 Δωριῆς
1352 1985 1401 2050 ἐπὶ

67 2162 87 2203 ,ἓ
135 2105 259 2183 Δωριέας
288 2104 369 2180 μετά
398 2106 553 2181 Ἀθηναίων
584 2106 680 2175 Ἰάνων
708 2105 885 2183 ἠκολούθουν.
920 2106 948 2171 Β
978 2106 1065 2173 solus
1096 2111 1171 2192 poet
1198 2109 1325 2185 Ἀργεῖοι
1348 2106 1414 2183 μὲν·

85 2255 99 2318 ,ζ
138 2217 210 2306 legit
243 2223 312 2302 γάρ
345 2230 378 2289 et
412 2244 486 2291 mox
519 2229 595 2308 post
627 2223 701 2298 ίδιάς
736 2226 847 2293 inserit
878 2227 1056 2307 ὠφελίας,
1091 2225 1208 2310 quibus
1239 2224 1403 2292 vocabulis

92 2389 106 2434 3
148 2359 243 2408 carere
275 2343 404 2409 omnino
438 2363 503 2410 non
537 2365 717 2428 possumus.
763 2344 921 2413 Vaticano
959 2346 1056 2431 plane
1095 2346 1255 2412 consentit
1289 2343 1400 2411 Valla:

67 2515 80 2554 Ξ
155 2478 241 2536 „nam
269 2459 400 2548 Argivi,
438 2463 604 2529 societatis
638 2465 744 2548 gratia
777 2466 886 2550 potius
925 2487 1022 2550 quam
1056 2464 1294 2531 inimicitiarum
1331 2485 1403 2530 cum

187 2816 258 2884 Ibid„
281 2818 374 2905 Vulg.
404 2818 510 2898 ξυνέβη
534 2821 563 2886 δὲ
586 2830 645 2895 τοῖς
669 2823 756 2904 Κρησί
782 2826 835 2898 την
859 2824 956 2890 Γέλαν
980 2824 1092 2896 Ῥοδίοις
1116 2822 1337 2902 ξυγκτίοαντας
1361 2824 1403 2900 μη

154 2931 191 3010 ξὺν
209 2945 268 3013 τοῖς
290 2940 419 3014 άποίκοις
442 2943 513 3007 άλλ’
536 2941 583 3006 ἐπὶ
607 2942 674 3015 τοὺς
697 2942 869 3015 άποίκους
894 2941 1048 3017 άκοντοις
1072 2945 1152 3018 μετά
1179 2946 1281 3022 acoleia
1301 2944 1402 3029 ἕλίεῖν,

151 3052 289 3125 ΒιοΙιιει
411 3061 572 3133 ἐποίκους
596 3060 751 3134 ἑκόντας.
788 3062 960 3135 Ἐκίντας
985 3085 1063 3130 sane
1086 3064 1180 3130 unice
1203 3070 1253 3130 est
1276 3084 1402 3141 verum,

75 3189 100 3254 η’
146 3178 231 3247 stim
253 3201 275 3246 a
297 3179 391 3246 Valla
413 3199 619 3265 expressum:
645 3178 893 3265 „contingitque
916 3186 952 3248 ut
975 3180 1142 3248 Cretenses
1167 3182 1222 3266 qui
1244 3203 1403 3249 unacum

67 3328 85 3371 ιι
142 3296 291 3379 „Rhodiis
312 3297 425 3366 Gelam
449 3299 683 3385 condidissent,
712 3320 777 3366 non
800 3321 860 3385 pro
884 3298 1006 3365 colonis
1030 3306 1178 3386 starent,
1210 3301 1266 3368 sed
1291 3306 1404 3367 contra

71 3444 76 3454 ·
135 3415 231 3498 „illos
252 3394 355 3482 ultro
378 3417 539 3502 stipendia
561 3415 732 3484 facereut”.
768 3416 860 3495 Quod
883 3417 925 3483 ad
949 3416 975 3481 B
1000 3417 1159 3490 toclacus
1184 3419 1300 3484 attinet
1324 3426 1403 3503 puto

114 3540 313 3603 'comatum
337 3556 407 3603 esse
429 3557 471 3603 ue
493 3536 543 3603 bis
566 3535 652 3602 idem
675 3535 865 3603 vocabulum
887 3537 1067 3603 iteraretur.
1093 3535 1294 3620 Quamquam
1311 3558 1404 3622 prae·

134 3655 253 3723 cedens
274 3655 408 3751 άποίκους
432 3655 583 3723 admonet
604 3661 642 3722 ut
665 3661 698 3722 et
721 3661 833 3722 nostro
856 3654 927 3723 loco
950 3655 1115 3740 vulgatam
1138 3675 1299 3723 servemus
1313 3657 1349 3740 l).

179 3894 288 3980 Caput
317 3893 360 3960 57
390 3891 416 3984 ξ
448 3894 499 3960 10.
530 3893 623 3980 Vulg.
649 3893 697 3959 καί
722 3899 901 3959 Σικελιωτῶν
923 3895 956 3959 τὸ
980 3893 1078 3971 πλέον,
1102 3905 1124 3958 Β
1147 3893 1195 3957 καὶ
1221 3901 1349 3960 Σικελῶν
1371 3895 1405 3960 τὸ

131 4014 234 4080 πλέον.
280 4010 391 4098 Valla,
416 4032 488 4079 cum
510 4012 551 4079 de
575 4012 703 4079 Siciliae
726 4012 837 4078 incolis
859 4011 1017 4097 indigenis
1041 4031 1146 4079 sermo
1170 4012 1226 4098 sit,
1241 4012 1313 4098 jure
1330 4033 1405 4079 con-

131 4132 235 4202 sentit
266 4132 388 4217 optimo
421 4129 521 4200 libro:
559 4137 612 4215 „et
643 4132 790 4218 plerique
814 4131 1022 4199 Siculorum.’'
1068 4131 1166 4199 Valla
1188 4154 1299 4200 revera
1321 4133 1406 4199 inter

164 4377 194 4446 l)
212 4377 248 4429 ct.
265 4375 416 4429 classenm.
