3000 4920
120 350 155 400 1v
640 355 871 402 PRAEFATIO.

119 599 212 661 quem
235 579 400 645 Bekhorus
423 579 532 645 littera
554 579 581 644 B
604 579 783 665 insignivit,
814 578 906 644 valde
931 579 1079 663 egregius
1095 579 1138 645 sit
1151 579 1340 659 habendus,
1358 580 1393 643 in

118 697 243 763 duobus
273 704 381 765 tamen
411 699 642 783 posterioribus
672 698 827 764 lectiones
856 704 969 764 tantae
999 700 1219 782 praestantiae
1251 701 1393 784 gravita-

114 816 221 901 tisque
261 818 388 903 saepius
426 817 569 895 exhibet,
607 823 644 884 ut
682 818 837 896 editores,
876 818 1009 903 reliquis
1050 817 1288 904 exemplaribus
1323 820 1392 887 iere

116 937 288 1022 neglectis,
310 959 409 1004 unum
431 939 458 1003 B
481 940 515 1004 in
538 938 701 1022 scriptura
723 937 897 1004 statuenda
920 939 1086 1005 consulere
1112 939 1246 1006 soleant.
1299 939 1393 1018 Quod

114 1063 150 1123 ut
172 1058 225 1124 hic
247 1058 313 1125 illic
337 1051 480 1125 iacerent
501 1058 561 1124 viri
583 1059 671 1125 docti
694 1059 756 1125 etsi
778 1059 824 1124 nil
846 1058 970 1126 infitior
987 1061 1095 1146 justas
1111 1067 1237 1127 exstare
1253 1081 1389 1147 causas,

114 1177 320 1246 nihilominus
350 1179 464 1263 opinor
493 1178 620 1263 longius
651 1201 749 1264 quam
780 1201 819 1245 ex
851 1202 886 1246 re
915 1180 1014 1247 sitin
1037 1178 1211 1265 probandis
1235 1180 1387 1248 Vaticani

113 1297 304 1365 lectionibus
333 1319 521 1384 progressos
550 1320 619 1365 esse
642 1299 781 1366 editores
805 1300 998 1367 recentiores
1022 1306 1055 1367 et
1077 1300 1235 1385 imprimis
1259 1301 1387 1368 Classe-

112 1439 206 1497 num,
230 1439 324 1502 quem
348 1423 509 1485 caeterum
532 1417 663 1484 honoris
686 1438 786 1486 causa
809 1420 946 1486 nomino.
986 1419 1065 1485 Inde
1090 1441 1110 1485 a
1133 1418 1280 1486 Bekhero
1296 1426 1388 1504 post·

113 1557 211 1620 quam
242 1536 391 1603 Vaticani
420 1538 524 1622 gloria
552 1537 720 1618 inclaruit,
749 1538 881 1605 tandem
905 1537 1076 1605 Olassenus
1100 1561 1137 1606 eo
1162 1539 1386 1606 admirationis

112 1656 286 1740 processit,
310 1662 346 1723 ut
368 1657 529 1723 variarum
552 1657 586 1722 in
608 1658 823 1724 Blectionum
838 1659 972 1725 rationis
988 1667 1188 1744 naturaeque
1205 1660 1386 1740 immemor,

111 1777 264 1843 temerius
287 1775 385 1860 paulo
410 1776 634 1861 quam'verius
656 1776 773 1843 librum
797 1778 951 1861 optimum
976 1779 1017 1844 sit
1041 1784 1177 1845 secutus.

157 1897 342 1991 Antequam
365 1901 478 1962 autem·
497 1897 536 1962 (le
559 1895 710 1964 Vaticani
732 1897 836 1980 pretio
851 1897 886 1962 in
902 1895 1026 1964 duobus
1042 1896 1132 1965 libris
1149 1896 1386 1982 posterioribus

112 2039 170 2102 pro
195 2022 281 2084 certo
305 2016 382 2100 quid
406 2022 549 2083 statuere
572 2015 661 2096 licet,
685 2017 788 2100 primo
813 2018 853 2083 de
877 2018 996 2085 codicis
1012 2019 1197 2086 condicione
1213 2024 1382 2086 stratura

112 2136 173 2205 erit
210 2135 442 2220 inquirendum.
489 2135 527 2200 In
566 2134 774 2220 dijudicanda
806 2135 980 2202 lectionum
1014 2139 1216 2221 praestantia
1251 2139 1382 2205 omnino

112 2255 215 2323 critici
249 2275 317 2322 esse
352 2252 491 2321 arbitror
525 2254 692 2320 attendere
722 2259 830 2319 utrum
861 2255 1040 2339 scripturae
1071 2257 1306 2342 discrepantiae
1340 2256 1384 2324 ah

112 2380 242 2442 auctore
272 2375 344 2458 ipso
374 2372 508 2439 trahant
539 2372 693 2456 originem
717 2393 760 2438 an
783 2374 955 2440 correctori
978 2375 1042 2440 sint
1064 2374 1261 2442 tribuendae.
1306 2376 1385 2443 Jam

111 2501 184 2546 vero
222 2478 368 2545 omnibus
406 2477 480 2543 viris
515 2477 634 2565 doctis,
675 2477 731 2562 qui
768 2477 925 2544 Vaticano
965 2479 1184 2564 cognoscendo
1219 2486 1382 2547 navarunt

112 2620 262 2684 operam,
293 2602 440 2664 constare
472 2595 612 2663 arbitror
643 2595 729 2662 illius
757 2595 875 2662 codicis
906 2595 1006 2664 libros
1036 2599 1208 2684 septimum
1237 2605 1270 2665 et
1293 2604 1384 2666 octa-

111 2739 185 2783 vum
214 2714 437 2782 memorabiles
467 2713 540 2780 illas
568 2713 723 2781 lectiones
754 2713 941 2782 exhibentes
972 2716 1148 2784 recensitos
1172 2738 1242 2784 esse
1266 2738 1287 2783 a
1309 2719 1379 2785 viro

112 2836 252 2922 quodam
294 2835 388 2901 docto
430 2833 596 2919 scriptoris
634 2833 737 2899 nostri
776 2834 903 2901 dicendi
941 2837 1074 2903 rationis
1113 2840 1143 2903 ἐν
1180 2844 1241 2910 τοῖς
1279 2837 1385 2928 πρώτῳ

112 2955 224 3040 perito.
269 2953 426 3038 Equidem
459 2960 567 3019 autem
590 2972 785 3037 quamquam
807 2973 873 3019 non
895 2954 990 3021 modo
1014 2960 1194 3022 correctum
1218 2961 1267 3040 (ut
1290 2955 1385 3024 (ilas-

113 3092 211 3139 senus
243 3073 365 3157 censet)
389 3071 446 3137 sed
469 3071 583 3156 etiam,
615 3090 679 3155 quo
702 3070 777 3136 libri
800 3071 978 3139 auctoritas
1002 3079 1156 3161 angetur,
1181 3095 1253 3140 cum
1277 3095 1387 3141 exem-

112 3193 196 3278 plari
219 3192 359 3277 quodam
382 3192 522 3277 optimae
544 3197 640 3258 notae
664 3190 816 3257 collatum
839 3213 908 3258 esse
931 3198 1009 3277 puto
1033 3192 1240 3274 Vaticanum,
1274 3198 1385 3261 tamen

114 3333 153 3377 ex
187 3313 249 3378 hac
283 3331 318 3376 re
353 3311 442 3396 ipsa,
477 3308 564 3394 quod
600 3307 790 3376 correctoris
825 3330 939 3376 manus
973 3310 1149 3377 identidem
1181 3311 1385 3397 agnoscitur,

114 3451 239 3498 summa
275 3429 440 3514 vigilantia
478 3435 616 3514 apparet
653 3450 734 3514 opus
773 3450 842 3496 esse
880 3451 920 3495 ne
957 3452 978 3497 a
1012 3429 1168 3514 scriptore
1204 3430 1386 3516 profectum

114 3549 280 3635 opinemur
311 3548 398 3634 quod
429 3548 621 3615 recensitum
651 3568 720 3614 esse
744 3553 878 3615 constet.
924 3550 967 3616 Et
988 3549 1069 3615 haec
1093 3548 1166 3635 ipsa
1189 3570 1240 3616 res
1266 3548 1328 3617 fuit
1350 3553 1386 3618 in

114 3691 211 3754 quam
246 3666 432 3751 saepissime
465 3657 613 3750 peccarit
645 3665 834 3743 Classenus,
869 3666 926 3750 qui
959 3667 999 3733 iis
1034 3687 1164 3752 quoque
1196 3667 1292 3755 locis,
1329 3669 1387 3736 ubi

114 3787 245 3872 vulgata
275 3785 408 3851 totidem
437 3788 517 3868 quot
546 3783 721 3851 Vaticanus
753 3788 878 3869 oportet
901 3789 1022 3869 puncta
1044 3784 1144 3863 ferat,
1169 3786 1289 3870 optimo
1313 3793 1387 3854 tan-

114 3912 183 3972 tum
220 3902 303 3970 libro
340 3901 437 3968 fidem
474 3901 606 3990 habuit,
640 3902 718 3986 quin
751 3902 848 3968 etiam
884 3902 1012 3987 saepius
1047 3902 1210 3988 vulgatam
1245 3904 1387 3990 probare

115 4023 289 4104 recusavit,
320 4021 376 4089 ubi
396 4022 424 4087 B
448 4020 618 4087 manifesto
643 4020 872 4088 correctionem
895 4042 1031 4106 eamque
1054 4022 1215 4090 infelicem
1236 4024 1386 4110 praebet.

115 4143 268 4210 Nostrum
302 4142 387 4209 enim
421 4161 490 4208 esse
524 4141 673 4226 equidem
706 4146 785 4226 puto
809 4162 941 4226 operam
976 4143 1055 4210 dare
1090 4117 1309 4243 nequaquam*
1329 4154 1385 4235 ut,

115 4262 201 4348 quod
236 4259 439 4328 scribendum
472 4260 609 4328 fortasse
643 4265 745 4336 esset,
779 4281 892 4333 revera
928 4259 1060 4328 chartae
1095 4263 1283 4330 mandatum
1314 4285 1387 4332 esse

116 4382 367 4474 constituamus,
399 4380 456 4448 sed
487 4387 524 4448 ut
554 4401 651 4473 quam
680 4381 918 4450 accuratissime
941 4381 1106 4470 scriptoris
1129 4383 1294 4474 propriam
1320 4406 1388 4459 rna·
