2962 4912
722 327 767 398 44

112 567 163 642 ἤδη
194 565 387 646 ναυμαχίαις,
421 567 475 633 ubi
505 568 539 632 in
572 567 640 634 solo
671 568 698 632 B
728 566 906 652 invenitur,
937 566 1000 632 huc
1023 564 1167 633 delatum
1190 561 1341 633 vocabulu

112 705 183 752 esse
213 685 402 769 suspicatur.
448 684 543 752 Valla
574 691 687 754 neutro
717 686 790 753 loco
819 685 870 761 ἤδη
894 685 1052 770 expressit
1075 689 1108 751 et
1131 683 1282 768 equidem
1304 682 1341 748 mi

111 822 300 888 persuasum
322 801 426 870 habeo
449 803 482 869 in
505 803 533 869 B
555 803 710 870 insertum
732 824 823 884 esse,
852 809 890 870 ut
910 802 1122 888 responderet
1144 801 1292 886 proximo
1315 806 1341 866 vt

110 941 193 1004 quae
216 928 323 987 tamen
346 919 494 989 Vaticani
517 922 671 989 correctio
696 941 933 1007 supervacanea
955 926 992 988 ut
1015 922 1075 1003 sit,
1100 920 1180 987 iacit
1203 917 1341 1004 perfectu

111 1041 289 1116 νενικήκατε.

154 1155 179 1247 ἓ
202 1159 233 1226 3.
269 1157 359 1242 Vulg.
382 1158 480 1240 ἄνδρες
504 1158 563 1237 γάρ
586 1159 701 1224 ἐπειδάν
723 1154 745 1241 ᾧ
767 1157 878 1237 άξιοῦσι
905 1159 1043 1239 προύχειν
1062 1158 1271 1235 ulceratum,
1294 1155 1328 1221 τί

111 1275 304 1341 ὑτίλοιτον
340 1277 435 1341 αὐτῶν
471 1283 523 1352 τῆς
546 1275 850 1358 tererestereres
873 1278 946 1343 uuirt
969 1278 1074 1342 ἑαυτοῦ
1098 1278 1187 1341 ε’ττιν.
1234 1274 1262 1340 Β
1285 1271 1333 1339 bie

110 1393 240 1478 vulgata
262 1393 383 1460 recedit
405 1397 438 1459 et
459 1395 612 1461 lectiones
635 1395 754 1480 pejoris
778 1401 874 1463 notae
897 1394 996 1462 refert
1020 1393 1119 1473 duas,
1148 1393 1322 1459 άκσκιυίῶσι

112 1513 185 1592 τόγε
208 1512 316 1578 λοιπον.
348 1510 444 1578 Valla
466 1517 502 1579 ut
524 1512 651 1599 saepius
674 1514 708 1579 in
735 1513 814 1581 locis
830 1514 932 1600 magis
947 1513 1105 1581 intricatio
1120 1485 1255 1579 literius
1272 1517 1341 1578 vert

113 1629 187 1710 sed,
217 1628 293 1696 licet
323 1628 362 1695 de
394 1631 554 1715 scriptura
584 1634 654 1709 τόγε
677 1632 776 1698 κοντόν
801 1631 880 1697 nihil
903 1632 1033 1712 doceat,
1062 1636 1172 1698 tamen
1196 1651 1269 1696 eum
1293 1650 1341 1695 rer

113 1747 229 1834 legisse
251 1750 400 1812 κσκουθῶσι
423 1753 460 1814 ut
483 1755 679 1829 statuamus,
702 1754 832 1816 monent
855 1748 952 1815 verba
977 1769 1054 1834 „spe
1079 1746 1239 1832 deeepti”.

156 1984 262 2067 Caput
285 1984 325 2049 67
350 1981 410 2073 §l
436 1983 528 2068 Vulg.
559 1984 703 2050 διτλοισίκ
733 1985 857 2052 ἑκάστου
887 1988 904 2062 ἡ
936 1986 1038 2057 elale·
1070 1984 1218 2063 μεγίστην
1249 1982 1299 2047 καί
1324 2005 1341 2043 τ

112 2103 270 2181 τροίνμίκν
294 2102 470 2183 τοιρέχετοιι.
503 2101 596 2170 Solus
619 2107 668 2169 est
689 2102 732 2181 B,
756 2103 813 2187 qui
836 2102 935 2170 refert
1045 2101 1190 2168 διτλκσίκ
1213 2098 1340 2166 ἑκάστου

111 2222 214 2293 ἐλπίς·
250 2222 295 2286 τά
330 2221 363 2285 δὲ
386 2221 505 2286 πολλοὶ
539 2222 622 2302 τρίς
657 2222 721 2294 τάς
758 2222 1001 2302 ἐπιχειρήσεις
1036 2222 1053 2295 ἡ
1087 2220 1247 2298 μενίστη
1277 2218 1341 2282 ε’λτι

113 2341 258 2418 μεγίστην
281 2339 331 2404 καὶ
354 2341 406 2414 την
430 2341 589 2418 τροίνμίοον
611 2339 788 2420 παρέχεται.
812 2339 898 2405 Fieri
916 2342 1023 2424 potest
1038 2336 1125 2422 qued
1141 2337 1253 2422 Poppo
1272 2353 1341 2416 sus}

115 2464 209 2523 catur
232 2462 268 2522 ut
291 2456 375 2522 oculi
398 2455 601 2523 librariorum
625 2456 666 2523 ab
690 2456 791 2536 altero
815 2455 856 2522 ad
880 2454 1017 2522 alterum
1036 2454 1119 2526 ἐκτίς
1137 2451 1341 2521 aberraverin

114 2575 229 2640 mirum
259 2581 368 2641 tamen
398 2581 448 2640 est
477 2595 586 2641 omnes
616 2575 716 2642 libros
746 2581 876 2659 praeter
907 2575 934 2639 B
966 2573 1145 2658 compluria
1170 2573 1252 2639 haec
1275 2567 1341 2637 verb

114 2691 308 2776 neglexisse,
332 2691 415 2757 unde
435 2690 501 2757 lere
517 2693 668 2758 statueris
684 2713 793 2758 omnes
810 2691 908 2758 libros
925 2692 1037 2757 eodem
1053 2711 1093 2756 ex
1108 2689 1219 2757 codice
1234 2687 1341 2754 duxias

109 2801 221 2889 Valla,
245 2810 340 2876 homo
364 2809 507 2877 Graecae
530 2809 657 2895 linguae
681 2831 745 2877 non
766 2809 995 2894 peritissimus,
1021 2807 1117 2875 sudat
1132 2808 1166 2873 in
1180 2807 1252 2875 loeo
1267 2808 1341 2872 nostr

112 2925 319 3011 explicand03
350 2925 515 2992 barbaries
544 2933 608 3007 est,
639 2947 737 3012 quam
767 2926 869 2993 latina
893 2948 952 2993 sua
979 2926 1123 2993 versione
1146 2925 1249 2992 tradit
1255 2950 1265 3002 3
1287 2939 1340 3008 quo

111 3051 220 3111 tamen
242 3066 307 3112 non
329 3046 476 3131 impedit,
502 3047 669 3131 quominus
693 3045 883 3113 Vaticanum
907 3045 1067 3113 stabiliat:
1099 3044 1241 3130 „duplex
1263 3043 1341 3110 ades

114 3162 248 3248 singulis
290 3185 364 3248 spes
402 3164 514 3230 debet:
549 3185 615 3231 una
644 3169 677 3230 et
707 3185 745 3230 ea
776 3164 916 3230 maxima
947 3165 978 3249 (ἦ
1009 3164 1140 3242 μεγίστη
1163 3162 1263 3247 tuate)
1293 3174 1341 3243 qua

113 3281 246 3365 perinde
283 3281 455 3348 maximam
492 3280 643 3348 fiduciam
676 3281 811 3367 praebet
845 3283 1002 3365 (μεγίστην
1040 3282 1089 3347 ael
1127 3284 1181 3357 την
1222 3274 1341 3362 epotata

112 3398 292 3485 τκρέχετνι)
323 3400 409 3484 quod
440 3399 541 3465 multa
571 3421 592 3465 a
621 3398 714 3465 nobis
746 3397 789 3465 ad
820 3400 1002 3466 audendum
1029 3401 1084 3487 (τά
1116 3400 1146 3466 a
1179 3401 1280 3466 roure
1307 3391 1341 3475 τρὶ

112 3520 169 3591 τάς
193 3521 398 3605 ἐπιχειρήσεις)
423 3523 610 3604 comparate
633 3516 734 3584 sunt'’.

157 3635 234 3723 §4
270 3636 362 3721 Vulg.
399 3635 434 3700 άν
458 3634 678 3719 πράξοντες,
709 3635 805 3702 BEG
837 3635 994 3718 πράξοντες
1024 3657 1213 3723 perperam
1244 3640 1292 3704 est
1311 3651 1341 3700 eu

113 3752 219 3819 bleme
245 3754 375 3839 proprie
400 3754 496 3839 juxta
523 3753 560 3819 ἂν
587 3753 753 3835 πράξοντες
780 3754 952 3839 adpictum.
983 3753 1078 3822 Valla
1108 3775 1192 3836 „non
1220 3753 1341 3822 deterior

114 3870 308 3956 sequuturi'.

160 4111 264 4197 Caput
281 4113 322 4177 68
346 4109 417 4200 §Z
441 4110 533 4196 Vulg.
557 4107 626 4188 άμοι
646 4109 669 4174 δ’
688 4110 804 4192 ἐχθροὺς
816 4110 984 4188 άμύνκσίκι
1003 4112 1291 4190 ε’μμενησίμενον
1311 4116 1341 4191 iu

114 4233 163 4297 κοά
183 4232 216 4296 τὸ
235 4230 392 4309 λεγόμενόν
410 4254 464 4296 τον
484 4228 594 4305 ἥδιστον
615 4227 698 4298 εἶναι.
721 4242 743 4295 Β
765 4231 1053 4309 ἐκγενησίμενον.
1078 4231 1187 4315 Valla,
1203 4235 1260 4319 qui
1275 4235 1341 4302 locu

116 4370 179 4417 non
209 4349 305 4434 plane
335 4349 509 4431 intellexit,
541 4347 621 4414 nihil
652 4348 691 4414 de
722 4349 899 4434 scripturae
931 4347 1149 4433 discrepantia
1179 4349 1294 4434 docet,
1320 4375 1341 4419 n
