3000 4920
651 272 773 387 Ι18

116 554 226 622 ricem.
273 557 429 642 Equidem
464 562 543 644 puto
565 558 641 624 olim
660 560 758 646 juxta
780 559 821 625 τοὶ
845 560 873 623 ἐν
895 567 932 640 τῇ
956 567 997 641 γῇ
1022 556 1188 642 adpictum
1211 556 1313 625 fuisse
1336 560 1389 635 rba

115 678 234 766 outa,
257 682 345 766 quod
366 682 688 770 interpretamentum
709 685 744 752 in
766 684 907 753 auctoris
931 682 1111 766 scripturae
1127 681 1235 748 locum
1253 680 1391 748 deuenit

47 885 52 893 Ι
117 795 290 885 Vulgatam
320 803 417 871 etiam
447 805 576 890 placere
599 811 732 892 propter
754 805 938 891 oppositum
962 803 986 868 ci
1011 803 1039 867 ἕν
1063 808 1121 874 τοῖς
1145 801 1275 882 πλοίοις,
1300 806 1391 868 recte

116 915 194 987 vidit
215 919 374 990 Bauerus.

158 1034 242 1105 Ibid.
280 1040 375 1126 Vulg.
413 1048 446 1110 et
483 1057 505 1110 B
542 1043 596 1123 ἔξω
631 1043 811 1127 (edmarus.
858 1042 970 1110 Valla:
1009 1046 1121 1123 „extra
1151 1040 1256 1107 ictum·
1288 1039 1391 1127 sagit-

105 1155 251 1237 vtarum”¹
273 1160 408 1246 Egregie
432 1162 545 1230 Vallae
566 1164 842 1250 interpretationis
865 1162 1005 1248 pretium
1028 1160 1176 1228 hocloco
1193 1160 1388 1227 denotatur:

116 1276 150 1344 Si
172 1277 346 1363 excipimus
370 1279 570 1362 Parisiuum,
591 1283 626 1349 in
650 1303 713 1368 quo
725 1283 822 1369 juxta
840 1282 1003 1368 vulgatam
1017 1279 1196 1346 recentiore
1211 1299 1310 1344 manu
1327 1278 1390 1345 ad·

5 1428 9 1433 ·
115 1394 237 1479 pictum
267 1402 318 1464 est
342 1397 539 1487 τοξεύμοτος,
561 1401 669 1487 nullus
693 1402 775 1469 alius
799 1400 901 1468 codex
922 1419 1032 1467 veram
1055 1396 1249 1483 scripturam
1271 1395 1389 1463 refert.

160 1513 242 1581 Ibid.
267 1515 359 1603 Vulg.
382 1520 596 1608 προεκθέοντες,
619 1533 642 1588 Β
664 1520 757 1589 addit
778 1545 824 1586 rs.
927 1605 930 1610 Ι

160 1632 242 1700 Ibid.
267 1634 359 1725 Vulg.
389 1636 614 1725 ξυστρεφόμενον
638 1642 667 1706 ἐν
691 1639 835 1722 ἐπιχωρίῳ
858 1635 961 1723 τάξεις
993 1636 1041 1704 sio
1063 1648 1239 1720 Bquoque.
1269 1633 1391 1703 Valla:

117 1756 175 1840 „ut
210 1758 337 1841 tempus
375 1754 511 1828 ferebat.
565 1760 749 1846 Stephanus
784 1761 854 1846 jam
888 1755 1070 1824 annobsit:
1114 1753 1227 1836 „Valla
1260 1752 1392 1821 videtur

49 1913 52 1918 -
113 1868 230 1956 legisse
261 1876 406 1958 ἐπννννρίῳ
436 1879 544 1964 potius
575 1901 674 1965 quam
705 1876 882 1962 inexusta&
927 1878 977 1944 Ab
1002 1872 1150 1944 omnibus
1172 1874 1269 1960 igitur
1293 1873 1390 1941 libris
1412 1938 1424 1953 ,,

114 1991 236 2059 recedit
265 1995 378 2084 Valla,
410 2018 515 2083 neque
544 2005 655 2067 tamen
687 1999 862 2068 absurdam
884 1998 933 2065 vel
956 1997 1121 2065 contextui
1142 1996 1248 2063 minus
1274 1956 1424 2091 aptam&

115 2106 261 2204 referens
282 2098 463 2186 lectionem.
1407 2096 1424 2135 '⁵

159 2229 184 2322 ξ
206 2233 238 2302 3.
267 2234 359 2333 vVulg.
382 2237 541 2321 διέφθειρον
667 2241 696 2312 ἐς
719 2238 805 2305 εἴκοσι
828 2236 966 2315 μάλιστα
990 2235 1101 2310 ἱππέας
1124 2261 1162 2301 τε
1184 2233 1235 2300 aai
1258 2236 1388 2307 ὁπλίτας

114 2353 201 2432 ὁμοῦ,
227 2366 249 2419 Β
273 2360 305 2422 et
327 2355 424 2423 Valla
447 2357 600 2425 omittunt
623 2383 657 2423 τε
676 2359 768 2445 jure,
793 2359 864 2436 ὁμοῦ
888 2356 990 2441 enim,
1013 2355 1100 2441 quod
1116 2355 1246 2441 saepius
1267 2374 1386 2440 perpe·

113 2491 184 2537 ram
215 2493 287 2539 cum
318 2475 524 2560 sequentibus
555 2477 774 2564 conjungitur,
806 2476 939 2562 respicit
968 2476 1010 2543 ad
1040 2476 1150 2549 ἱππέας
1167 2477 1232 2540 Ὶνον)
1255 2476 1387 2547 duanae

113 2590 250 2676 ideoque
273 2596 310 2658 ut
332 2593 429 2680 plane
451 2595 594 2663 abundet
615 2597 777 2682 particula
799 2594 909 2664 efficit.

159 2829 264 2918 Caput
293 2835 335 2900 31
366 2831 391 2924 ξ
424 2836 451 2901 1.
485 2834 575 2923 Vulg.
610 2836 766 2904 ἀποπλέων
795 2839 834 2902 ἐκ
863 2845 916 2911 τῆς
946 2834 1108 2917 Κνρκύρονςς
1138 2831 1272 2910 BetQ
1304 2832 1384 2909 dart,

113 2956 217 3038 recte,
241 2958 278 3019 ut
300 2953 409 3020 Valla:
436 2955 496 3041 „in
519 2954 690 3043 Corcyram
714 2954 913 3042 trajiciens&

158 3071 240 3138 Ibid.
264 3086 286 3139 B
310 3072 423 3139 ὅλκονδον
446 3074 588 3154 denebrac
611 3077 640 3141 ἕν
665 3081 737 3159 mergi
863 3072 956 3154 εὑρών.
992 3071 1164 3139 Classenus
1188 3075 1221 3138 et
1237 3069 1383 3138 Stahliua

113 3211 179 3258 non
211 3192 400 3261 dubitarunt
430 3196 528 3263 solius
558 3194 707 3263 Vaticani
733 3196 816 3276 εὑρὼν
846 3195 880 3261 in
902 3199 1026 3261 textum
1048 3193 1209 3279 recipere;
1234 3192 1323 3276 quod
1345 3196 1384 3259 ut

113 3306 287 3391 faciamus,
320 3314 435 3381 suadet
465 3314 562 3381 etiam
585 3314 697 3382 Valla:
725 3335 857 3396 „navem
881 3313 1061 3382 onerariam
1082 3313 1117 3379 iu
1139 3310 1221 3378 Phia
1348 3310 1383 3376 in

114 3428 252 3497 statione
274 3430 419 3502 nactus'’.

157 3546 182 3638 ξ
204 3549 236 3616 4.
260 3550 349 3636 Vulg.
373 3553 431 3633 οὐχ
453 3553 556 3626 isacar
579 3553 708 3632 οὕσονς,
731 3566 754 3619 Β
778 3549 884 3630 sisar,
908 3553 995 3638 quod
1018 3551 1191 3620 Claranus
1206 3571 1271 3617 non
1287 3570 1378 3616 rece-

112 3665 171 3751 pit.
216 3669 267 3734 Ex
288 3668 383 3737 Valla
406 3669 486 3737 nihil
509 3669 702 3757 proficimus.

157 3783 181 3876 ξ
204 3787 234 3853 5.
257 3787 347 3854 Libri
371 3809 480 3856 omnes
503 3787 597 3872 ὥσπερ
614 3792 663 3856 κον)
681 3793 794 3874 pcata.
819 3789 930 3857 Valla:
955 3789 1241 3875 „quemadmodum
1258 3787 1384 3855 dictum

113 3905 196 3977 est’'.
226 3906 407 3993 Stephanus
438 3910 677 3978 animadvertit:
711 3911 777 3992 „ita
799 3910 893 3977 vertit
915 3909 1035 3996 (Valla)
1058 3910 1151 3995 quasi
1175 3909 1268 3990 ἐρρήθη
1293 3908 1382 3994 lege-

112 4030 219 4112 retur,
246 4047 311 4094 nou
334 4026 443 4110 apsta't
489 4027 559 4094 Etsi
582 4049 641 4112 per
663 4049 697 4095 se
720 4048 784 4095 non
807 4026 891 4095 male
914 4027 1035 4095 dictum
1057 4037 1107 4094 est
1129 4027 1243 4108 ἐρρήθη,
1266 4032 1382 4094 tamen

112 4148 244 4228 propter
267 4166 295 4212 o.
320 4145 361 4212 16
384 4143 409 4236 ξ
434 4146 451 4210 1
476 4147 525 4212 aa)
548 4144 748 4229 ξυνάρχοντας
772 4150 852 4229 αὐτῷ
875 4144 1017 4213 εἵλοντο
1041 4146 1223 4224 Δημοσθένην
1243 4171 1278 4212 τε
1301 4198 1332 4215 ..
1350 4195 1382 4214 ..

111 4261 161 4326 aab
184 4250 393 4344 Ἐὐρυμέδοντο
417 4284 437 4330 a
460 4264 589 4350 vulgata
611 4264 761 4333 recedere
783 4265 890 4333 nolim.
936 4264 1021 4332 Fieri
1043 4269 1164 4348 potest,
1189 4270 1226 4331 ut
1247 4264 1382 4334 incuria

112 4380 177 4447 sive
199 4380 381 4465 ignorantia
404 4380 516 4448 Vallae
538 4382 634 4450 lectio
657 4383 850 4469 explicanda
873 4383 922 4449 sit.
