3000 4920
739 298 782 364 47

115 530 222 598 libros
259 533 434 601 audiendos
470 554 541 602 esse
570 535 605 601 in
636 536 754 620 quibus
787 534 988 603 desideretur
1017 534 1112 600 ἄλλοι.
1157 535 1269 602 Eidem
1309 537 1393 602 enim

115 649 338 718 Athenienses
369 659 667 740 commemorentur,
699 676 835 741 quorum
867 655 986 721 mentio
1012 656 1082 740 jem
1113 653 1201 721 fecte
1225 661 1276 721 cst
1298 677 1325 720 c.
1349 655 1392 720 69

111 769 195 851 54„
233 770 331 838 Vallo
361 792 434 838 cum
468 772 496 838 B
529 772 626 840 focit=
663 774 894 854 „Athenienses
928 779 1143 858 posteaquam
1178 771 1220 838 od
1254 773 1390 841 obsessae

115 886 261 968 „fauces
282 887 436 958 subiere”.
459 891 522 958 Vix
543 892 630 977 opud
654 898 704 960 est
727 892 833 959 dicere
856 892 953 958 etiam
977 891 1081 957 minus
1097 911 1195 975 quom
1211 889 1297 956 ἄλλοι
1314 891 1392 958 ferri

111 1026 219 1091 posse
244 1008 294 1073 καὶ
317 1008 406 1093 quod
427 1008 549 1076 hebent
571 1020 596 1077 E
620 1014 653 1077 et
676 1011 846 1097 Dionysius
869 1011 956 1095 (pag.
981 1011 1061 1094 875)
1084 1015 1160 1076 ente
1183 1010 1216 1074 οἱ.

164 1124 253 1192 Ibid.
275 1125 367 1212 Vulg.
397 1130 429 1193 οὐ
459 1127 528 1208 πρὸς
559 1130 601 1210 τῷ
631 1128 779 1210 ζεύγματι
810 1129 852 1195 ἔτι
884 1128 968 1204 μόνον
992 1130 1009 1203 οἱ
1033 1128 1210 1213 ναυμαχία,
1234 1127 1319 1192 ἄλλα
1341 1129 1390 1192 καὶ

111 1244 203 1309 κατὰ
237 1243 287 1308 τὸν
314 1245 423 1321 λιμένα
452 1247 597 1322 ἐγίγνετο.
645 1245 764 1313 Dubito
794 1267 872 1312 num
903 1246 1042 1313 editores
1073 1250 1160 1313 recte
1194 1244 1390 1312 Binserue·

111 1360 186 1427 rint
218 1356 253 1433 ἦν
282 1366 357 1429 onte
391 1365 409 1439 ἤ
444 1365 621 1445 ναυμαχία,
659 1384 732 1430 cum
766 1383 830 1429 non
864 1364 969 1431 solum
999 1363 1040 1428 de
1074 1384 1183 1447 pugne
1213 1364 1247 1428 in
1277 1368 1392 1448 portu,

112 1479 177 1545 sed
221 1479 319 1546 etiem
362 1481 403 1547 de
441 1482 564 1566 proelio
594 1481 682 1567 opud
713 1481 870 1561 claustro,
902 1481 1042 1549 nondum
1072 1480 1181 1561 finito,
1211 1480 1245 1545 ni
1275 1479 1390 1558 fallor,

112 1604 209 1664 recte
242 1597 368 1665 dicotur
388 1599 612 1685 imperfectum
635 1602 780 1678 ἐγίγνετο.
826 1599 921 1667 Velle
943 1599 1191 1684 interpretetur:
1218 1619 1302 1679 „non
1321 1600 1390 1682 jam

114 1735 180 1800 pro
221 1716 379 1801 angustiis
418 1718 523 1785 exitus
553 1723 697 1796 tantum,
729 1717 787 1785 sed
821 1719 918 1785 etiem
950 1719 1037 1784 intre
1069 1724 1199 1802 portum
1233 1717 1389 1803 proelium

114 1831 326 1918 gerebatur&

164 1948 191 2040 ξ
215 1951 247 2016 3.
269 1951 364 2036 Vulg.
388 1949 418 2018 οἵ
433 1953 578 2030 ἐπιβάται
602 1952 777 2040 ἐθεράπευον,
797 1951 855 2021 ὅτε
878 1955 1030 2035 προσπέσοι
1051 1961 1120 2027 ναῦς
1136 1956 1198 2033 νηί,
1226 1954 1387 2032 Bittius,

115 2067 209 2153 quod
233 2066 375 2136 Stchlius
398 2074 431 2137 et
452 2068 686 2137 Herwerdenus
709 2075 899 2155 receperunt
921 2076 954 2137 et
978 2070 1073 2137 Valle
1095 2071 1217 2137 retulit:
1242 2072 1387 2155 „quoties

116 2186 213 2253 node
236 2207 350 2254 novem
372 2187 580 2255 incurreret'.

162 2302 189 2394 g
212 2304 243 2369 4.
265 2304 345 2372 Gom
368 2305 520 2393 Dionysio
544 2327 654 2375 omnes
676 2306 752 2373 libri
773 2307 883 2392 legunt
898 2308 1069 2392 ἐκβολαὶ,
1097 2307 1182 2374 solus
1199 2307 1235 2374 E.
1252 2307 1388 2393 praebet

115 2421 261 2498 ἐμβολαί.
293 2423 337 2488 Et
366 2422 461 2490 Vallo
491 2445 513 2491 e
541 2424 650 2491 codice
678 2425 707 2490 E
737 2424 890 2492 decedere
920 2425 1064 2492 videtur:
1105 2427 1192 2506 „ruri
1233 2446 1387 2495 excursus

114 2537 272 2607 fiebant'.

162 2657 247 2726 lbid.
272 2658 366 2745 Vulg.
389 2663 427 2734 ὥς
448 2661 553 2742 τύχοι
576 2667 684 2742 rect03
706 2675 728 2728 B
753 2664 789 2735 ὥς
816 2662 931 2743 ἔτυχον.

162 2775 189 2867 ξ
215 2779 243 2844 7.
269 2776 363 2862 Vulg.
396 2780 493 2853 πολλὴ
527 2781 587 2860 reip
620 2779 653 2854 bb
688 2780 900 2860 παρακέλευσις
934 2782 983 2845 καὶ
1021 2782 1078 2859 βοὴ
1215 2783 1296 2847 κατὰ
1332 2785 1383 2858 τὴν

116 2893 227 2977 τέχνην
257 2897 307 2961 καὶ
338 2897 407 2978 πρὸς
438 2899 491 2972 τὴν
520 2898 628 2963 αὐτίκα
660 2898 822 2980 Φιλονινιῖαν
848 2900 982 2977 ἐγίγνετο
989 2924 999 2978 ;
1022 2901 1050 2964 Β
1074 2905 1148 2967 ante
1170 2905 1383 2981 παρακέλευσις

116 3014 233 3083 merit
255 3019 289 3094 ἡ,
319 3021 353 3083 et
382 3016 480 3101 paulo
509 3015 595 3083 infra
624 3043 657 3082 τε
688 3023 764 3084 ente
786 3018 838 3091 ritu
865 3017 982 3098 τέχνην.
1018 3017 1064 3082 De
1088 3017 1223 3085 articulo
1246 3040 1266 3084 a
1289 3018 1384 3087 Valla

118 3132 200 3198 nibil
228 3132 396 3212 docemur3
427 3133 576 3219 copulem
598 3139 707 3202 temen
728 3135 789 3201 hoc
812 3133 882 3202 loco
906 3133 1121 3219 significanter
1144 3134 1286 3201 additam
1308 3156 1382 3203 eum

117 3249 234 3317 vidisse
256 3256 402 3318 constet:
428 3256 516 3332 „tum
537 3271 578 3318 ex
600 3257 670 3319 crte
692 3251 936 3337 gubernatoris,
964 3255 1034 3316 turn
1056 3270 1096 3315 ex
1118 3253 1282 3336 praesenti
1304 3274 1380 3321 con·

117 3369 260 3436 tentione
281 3369 458 3436 vincendi''.

161 3484 241 3575 §8.
272 3486 366 3571 Vulg.
396 3489 474 3552 κατ’
503 3487 654 3566 circipene,
686 3501 707 3554 Β
732 3488 766 3553 δι’
789 3488 940 3566 οὶνοένιινν,
972 3488 1058 3572 quod
1089 3489 1261 3556 Classenus
1292 3491 1380 3559 solus

70 3611 72 3614 ⁴
118 3603 264 3688 probarit
288 3605 340 3688 (oi.
362 3602 386 3695 ἓ
409 3607 454 3692 6.)
470 3607 494 3691 1)

160 3722 240 3788 Ibid.
263 3721 355 3808 Vulg.
379 3724 403 3788 ei
425 3726 478 3800 τὴν
499 3725 723 3804 πολεμιωτάτην
745 3735 801 3802 γῆν
819 3725 984 3806 οἰκειοτέραν
1000 3725 1050 3800 ἤδη
1066 3732 1119 3797 τῆς
1134 3728 1171 3790 οὐ
1194 3727 1233 3791 δι’
1254 3730 1378 3805 ὀλίγον

116 3841 293 3917 κεκτημένης
322 3842 475 3918 θαλάσσης
506 3845 657 3923 ἡγούμενοι
686 3845 889 3924 ὑποχωροῦσιν.
925 3843 1100 3909 Vaticanus
1132 3844 1219 3910 solus
1249 3843 1379 3911 exhibet

115 3964 146 4027 οὐ
181 3960 213 4024 δι’
246 3961 348 4036 ὀλίγον
382 3962 502 4042 πόνου,
535 3963 623 4048 qnod
657 3962 818 4029 stabilitur
851 3984 871 4027 a
901 3961 1011 4028 Valle:
1044 3983 1152 4042 „mare
1177 3984 1241 4029 non
1264 3964 1377 4048 exiguo

114 4078 225 4146 labore
255 4080 456 4148 obtentum''.
501 4080 647 4167 Poppeni
677 4082 846 4166 quominus
877 4087 910 4148 et
936 4082 988 4147 hic
1011 4086 1043 4148 et
1066 4082 1136 4148 aliis
1158 4083 1191 4148 in
1215 4082 1293 4149 loeis
1316 4104 1377 4150 ocu

147 4332 176 4397 d)
194 4333 226 4384 ct.
245 4331 366 4383 Stahlius
385 4331 414 4382 in
431 4332 545 4384 editione
561 4331 668 4396 majore.
