3000 4920
680 308 722 373 t't

10 581 27 625 Ι;
105 546 182 640 §2
223 547 317 632 Vulg.
352 549 389 620 ὥς
423 548 451 620 ἐς
488 548 711 634 πεντακοσίους,
747 544 936 613 alterutrum
973 565 1012 610 ex
1046 543 1331 626 interpretamento

10 701 38 763 g·
64 672 190 751 utum,
214 680 241 733 B
263 668 291 739 ἒς
314 667 529 739 πεντακοσίους.
574 665 684 734 Valla:
712 666 773 745 „ad
796 661 1016 749 quingentos”.

10 822 39 884 :'
105 784 129 877 ξ
150 787 183 851 3.
209 784 304 872 Vulg.
326 787 480 871 προσφίρει
502 790 542 869 τῷ
565 812 600 852 τε
627 787 774 867 Πεδαρίτςο
796 784 846 850 καί
871 792 929 856 τοῖς
954 784 1029 855 Χίοις
1051 780 1213 861 Ἀστύοχος
1238 780 1335 857 λύγους

12 960 39 985 -.-
69 902 189 971 Bouto
215 903 381 987 ’λστύοχυς
404 912 437 974 ot
459 908 546 984 λίνου
569 904 723 973 articulos
747 903 850 970 addit.
881 901 931 967 Ad
954 903 1003 967 τίν
1027 901 1114 976 λίνον
1137 919 1210 966 vere
1227 903 1338 963 monet

65 1022 188 1108 Poppo:
219 1027 273 1101 „at
295 1024 329 1089 in
351 1026 469 1110 plurali
492 1026 605 1093 saltem
628 1025 778 1110 frequens
802 1022 920 1091 locutio
944 1023 1048 1094 λίνους
1072 1020 1241 1103 προσφέρειν
1268 1020 1336 1085 sine

64 1138 180 1207 urtic.''.
235 1140 346 1208 Valla:
381 1142 578 1229 „Astyoches
607 1141 718 1210 retulit
747 1163 815 1209 rem
847 1141 889 1208 ad
921 1140 1128 1207 Paedaritum
1160 1144 1259 1222 atque
1293 1137 1336 1204 ad

10 1318 21 1333 ,.
62 1258 192 1329 0hios’'.

99 1497 330 1591 Caputy33g
355 1504 382 1567 l.
414 1501 505 1587 Vulg.
536 1500 639 1579 λαβὼν
669 1500 725 1572 τούς
749 1526 782 1566 τε
805 1501 985 1579 Κορινθίων
1010 1498 1114 1572 τίντε,
1140 1509 1161 1562 Β
1186 1502 1251 1561 τῶν
1275 1507 1335 1561 Κο-

52 1622 200 1701 ριυίίυυ.
237 1621 335 1689 Valla
360 1624 517 1710 „sumptis
541 1625 683 1710 quinque
707 1623 899 1692 Corinthiis'
922 1622 1001 1689 facit
1025 1626 1138 1688 contra
1160 1619 1334 1699 Stahlinm,

52 1741 109 1827 qui
135 1742 230 1808 πέντε
252 1743 452 1828 proscripsit.

96 1860 187 1927 Ibid.
215 1861 309 1947 Vulg.
332 1860 369 1934 ἃς
392 1864 481 1936 αὐτὸς
505 1864 679 1936 Λακωνικὰς
703 1859 805 1936 ἦλίεν
829 1864 931 1946 ἔχων,
954 1861 1037 1926 ἔπλει
1061 1861 1108 1924 ἐπὶ
1134 1867 1184 1934 τῆς
1201 1860 1335 1933 Μιλήτου

52 1979 125 2059 πρὸς
163 1981 221 2054 τὴν
256 1979 476 2062 ναυαρχίαν,
508 1994 530 2048 Β
562 1983 652 2063 ἔχων
679 1978 778 2056 ἦλθεν
902 1979 1121 2060 ναυμαχίαν.
1168 1977 1335 2044 Sollemnis

49 2106 102 2166 ost
134 2098 312 2165 verborum
343 2100 438 2181 ordo,
470 2121 564 2184 quem
596 2100 727 2185 vulgata
757 2099 857 2167 refert
888 2099 928 2165 cf.
959 2101 997 2176 8,
1033 2101 1062 2167 1.
1086 2099 1138 2173 27,
1164 2097 1195 2161 4.
1243 2096 1334 2175 Quod

49 2219 95 2285 ad
122 2218 295 2297 ναυαρχίαν
319 2218 452 2294 attinet,
475 2219 607 2285 dubium
631 2241 696 2285 non
719 2225 782 2302 est,
806 2220 882 2306 quin
898 2241 974 2286 vera
989 2220 1030 2284 sit
1045 2218 1148 2284 lectio.
1173 2216 1213 2283 cf.
1236 2237 1334 2299 supra

50 2358 79 2403 c.
105 2337 165 2403 20.
205 2334 317 2403 Valla:
345 2344 494 2421 „praeter
517 2358 592 2404 suas
617 2337 813 2424 Laconicas,
838 2360 909 2404 cum
934 2337 1049 2423 quibus
1074 2341 1219 2414 venerat,
1244 2334 1333 2399 Mile-

50 2458 124 2521 tum
149 2453 236 2520 abiit
258 2452 302 2521 ad
326 2474 417 2520 suam
441 2456 682 2524 nauarchiam’'.

95 2571 123 2661 ξ
146 2574 182 2637 2.
219 2571 325 2638 Libri:
349 2574 382 2637 ἐκ
402 2563 455 2639 τοῦ
481 2573 528 2639 ἕτί
553 2573 677 2660 ίοίτεροι,
703 2578 796 2658 λίΦσυ
819 2575 1006 2658 διείργοντος,
1031 2576 1089 2640 καί
1107 2575 1332 2651 concretam.

48 2692 179 2759 Locum
212 2690 338 2757 sanavit
366 2691 548 2778 Kruegorus
579 2695 705 2762 uncinis
734 2696 902 2761 includens
930 2696 990 2759 καί.
1036 2694 1138 2773 Quam
1163 2692 1330 2758 correctio·

50 2831 128 2878 nom
163 2810 338 2894 probatam
374 2831 444 2878 esse
475 2834 496 2878 a
528 2813 622 2880 Valla
656 2814 734 2880 vidit
769 2813 923 2880 Stahliue:
965 2814 1026 2893 „ad
1058 2813 1193 2878 alterum
1218 2810 1331 2876 tumuli

41 2930 159 3008 -latus,
188 2950 252 3015 quo
276 2929 522 3019 detinebantur,
547 2933 719 2998 stationem
743 2930 936 2999 habebant”.

96 3048 124 3139 ξ
147 3052 183 3114 3.
205 3048 297 3136 Vulg.
322 3049 455 3124 ἒλίούσιρς
481 3050 510 3115 δὲ
535 3051 617 3130 παροδ
641 3051 798 3132 Πεδαρίτου
821 3053 986 3125 ἐπιστολῆς.
1027 3051 1053 3114 Β
1077 3056 1151 3116 ante
1175 3052 1330 3123 ἐπιστολῆς

53 3168 143 3235 solus
177 3166 278 3234 habet
308 3169 363 3233 ὑπὸ
385 3170 496 3245 νύκτα,
529 3171 615 3254 quod
639 3171 746 3237 omisit
768 3170 879 3238 Valla:
908 3170 1123 3257 „Astyochus:
1153 3174 1330 3252 acceptae

54 3286 231 3354 Paodarito
267 3288 406 3373 epistola
428 3339 436 3356 .
456 3338 463 3354 .
481 3340 514 3374 ,.
546 3290 706 3374 externplo
741 3297 884 3358 revectus
923 3296 972 3356 est
1009 3287 1196 3375 Erythras'’.
1243 3286 1328 3352 Nihil

55 3408 161 3473 ausim
186 3403 350 3472 affirmare
373 3407 413 3473 dc
435 3408 474 3477 B.
521 3408 635 3475 Nonne
658 3408 729 3474 fieri
752 3415 875 3494 potest,
899 3415 935 3474 ut
959 3408 1014 3472 ὑπὸ
1038 3410 1130 3472 νύκτα
1153 3407 1263 3472 fictum
1287 3408 1328 3472 sit

56 3546 74 3593 ο
104 3527 256 3594 nocturni
292 3527 445 3613 temporis
476 3529 622 3606 notione,
656 3548 740 3611 quae
769 3527 853 3592 inest
883 3527 916 3591 in
948 3526 1117 3600 ἐνηυλίσατο
1142 3528 1174 3609 (ς
1199 3526 1231 3609 2)
1256 3547 1327 3590 cnm

47 3626 228 3729 'praeterea
260 3646 399 3731 scriptor
429 3653 539 3712 narret
571 3646 767 3732 Astyochum
795 3645 910 3711 litteris
934 3646 1074 3728 acceptis
1099 3644 1231 3710 statim
1256 3665 1326 3709 esso

31 3769 219 3833 revectum
242 3763 424 3848 Erythras?

98 3879 123 3972 ξ
145 3882 179 3946 4.
202 3879 296 3966 Vulg.
320 3882 501 3955 διαπλεύσας
525 3882 621 3948 δὲκαὶ
642 3884 655 3947 ὃ
676 3894 712 3949 Π.
733 3887 811 3963 παρ’
831 3882 936 3947 αὐτὸν
956 3882 1016 3966 (vel
1036 3883 1164 3964 αὐτῶν)
1184 3882 1233 3944 καί
1254 3882 1326 3944 σίνοι-

56 4002 234 4085 ζορτνίσαντες
266 4003 307 4067 τοὶ
338 4003 401 4085 περί
433 4009 488 4068 τῶν
521 4003 673 4069 δοκούντων
704 4001 869 4081 προδιδόναι.
912 4001 1021 4083 Bpro
1045 4003 1113 4079 παρ’
1137 4000 1224 4064 αύτδυ
1248 4000 1325 4084 legit

56 4124 120 4207 τρδς
152 4121 241 4191 αὐτίν
272 4126 375 4201 recto,
409 4122 464 4190 sod
486 4142 547 4207 pro
570 4122 611 4187 τίς
635 4121 698 4202 περὶ
722 4140 894 4205 perperam
917 4117 1046 4186 exhibet
1068 4119 1160 4198 παροί.
1208 4118 1320 4185 Valla:

59 4245 129 4331 „qui
159 4243 230 4331 ipso
262 4262 327 4328 qno
358 4240 434 4308 illuc
465 4241 507 4308 ad
538 4261 610 4307 eum
640 4240 830 4324 trajecerat,
857 4236 1046 4322 quaestione
1070 4236 1182 4303 habita
1205 4237 1244 4303 do
1267 4238 1322 4319 iis,

56 4364 105 4448 qni
127 4361 345 4450 proditionem
369 4358 473 4427 moliri
495 4357 711 4426 riderentur’'.
