3000 4920
10 111 36 154 ²³
156 127 235 195 ctiam
255 127 384 195 adesset
405 148 520 209 necue,
542 129 572 196 si
593 128 628 197 in
649 129 723 218 ipso
746 130 876 198 foedere
898 131 1025 198 icieudo
1043 151 1174 198 munere
1190 131 1220 197 ei
1237 131 1326 196 nullo

20 226 38 253 ³
154 244 357 333 iungendum?
380 247 521 315 Causam
534 248 640 335 igitur,
652 270 712 317 cur
727 249 867 318 addatur
882 251 943 330 ἔτι,
958 271 1024 318 non
1037 248 1140 319 video.
1157 249 1327 317 Sollemuis

202 372 250 434 est
281 388 360 434 usus
392 367 642 453 praepositionis
677 370 725 434 ἐπὶ
761 368 848 454 quod
883 369 982 435 latine
1017 375 1067 435 est
1101 368 1257 448 „coram'’‚
1292 377 1328 436 ut

13 482 17 491 ’
140 483 219 553 ‘oues
247 484 352 554 factus
386 507 458 554 esse
488 487 649 554 discamus
681 507 790 555 coram
814 486 1018 572 Therimeue,
1043 489 1098 572 qui
1123 488 1253 556 adesset
1275 510 1324 555 re·

14 694 17 701 ,
77 598 179 689 busque
209 603 536 673 Lacedaemoniorum
559 605 747 674 consuleret
795 606 975 673 Verisimile
1000 608 1084 674 enim
1108 614 1158 674 est
1181 606 1326 692 Spartia-

70 726 126 803 tae,
153 721 269 808 quibus
298 724 390 809 prior
419 725 529 810 pactio
561 746 654 792 suum
681 726 715 791 iu
740 725 941 792 commodum
964 725 1053 792 iacta
1076 746 1142 792 non
1164 726 1327 792 videretur

46 860 141 919 nc,
169 841 238 909 viro
270 842 399 910 cuidam
427 842 617 912 facultatem
648 849 907 930 potestatemque
940 844 1156 911 constituendi
1189 843 1326 911 foederis

60 961 253 1029 conditiones
284 963 423 1032 dedisse.
467 963 586 1032 Nostro
617 964 688 1032 loco
719 985 784 1032 non
813 964 853 1030 de
875 969 1020 1049 tempore
1044 963 1101 1029 sed
1125 963 1165 1030 de
1188 963 1326 1030 foederis

56 1078 186 1147 ineundi
214 1082 342 1149 ratione
372 1083 440 1168 agit
470 1084 616 1169 scriptor.
662 1082 836 1151 Classenus
869 1087 1019 1150 annotat:
1058 1083 1123 1163 „Er
1153 1103 1219 1148 war
1243 1083 1325 1148 noch

55 1200 242 1281 anuesend,
265 1200 334 1267 und
357 1202 409 1269 die
431 1202 622 1289 Uebergabe
645 1203 703 1270 des
726 1202 947 1270 Kommaudos
970 1201 1053 1269 noch
1069 1201 1160 1268 nicht
1176 1201 1325 1286 erfolgt'’.

54 1318 135 1385 Num
168 1321 244 1404 quis
266 1341 447 1389 sermonem
469 1342 541 1390 esse
563 1342 659 1407 posse
682 1322 723 1389 de
745 1323 881 1407 imperio
905 1321 970 1388 ullo
995 1322 1196 1388 Therimeuis
1219 1327 1326 1407 putet,

52 1459 172 1524 gnarus
195 1460 305 1506 eorum
328 1460 413 1526 quae
436 1440 498 1509 hac
521 1441 561 1509 de
583 1461 619 1508 re
642 1440 779 1508 tradidit
800 1439 1002 1526 Thucydides
1026 1461 1054 1508 c.
1076 1441 1118 1506 29
1135 1445 1155 1523 ξ
1173 1442 1210 1506 2:
1234 1441 1326 1520 ὁγὰρ

54 1558 212 1637 Θηρομέννς
236 1561 267 1624 οὖ
290 1561 438 1642 ναύαρχος
461 1561 497 1626 ὤν
506 1609 516 1644 ,
538 1563 610 1627 ἀλλ’
626 1559 782 1641 Ἀστύοχῳ
797 1559 973 1638 παραδοῦναι
989 1559 1045 1631 τοὶς
1061 1566 1131 1631 ναῦς
1147 1559 1325 1636 fucatione?

54 1674 201 1762 Denique
223 1682 262 1743 ut
283 1678 324 1744 de
348 1679 549 1746 comestione
573 1680 607 1745 in
629 1680 656 1744 B
679 1679 834 1765 cogitem,
865 1677 944 1745 facit
967 1679 1056 1745 locus
1081 1701 1145 1764 quo
1170 1702 1203 1746 se
1227 1680 1325 1747 habet

55 1796 114 1882 irc,
146 1799 234 1881 quod
258 1799 355 1884 juxta
375 1798 582 1885 participium
604 1802 742 1880 παρόντος
770 1804 1002 1883 exspectamus.
1041 1798 1150 1865 Valla:
1186 1799 1326 1879 „Thera-

55 1936 144 1983 mene
176 1917 351 1985 adhibito’'.
399 1919 570 2005 Vulgatam
596 1920 666 2005 ipse
690 1927 800 1986 tuetur
823 1919 977 2003 scriptor,
1001 1919 1056 2002 qui
1080 1939 1106 1984 c.
1129 1920 1174 1985 43
1197 1926 1217 2002 ξ
1242 1922 1261 1986 3
1286 1920 1325 1986 de

56 2041 170 2102 mira
189 2037 339 2122 pactione
362 2037 457 2105 dicit:
488 2039 545 2111 τὰς
567 2040 693 2112 σπονδὰς
717 2039 773 2111 τοὶς
798 2038 968 2119 Θνρνμένους
993 2042 1025 2103 et
1047 2059 1073 2102 c.
1099 2039 1143 2103 52
1167 2043 1187 2122 ξ
1212 2041 1245 2104 l:
1269 2046 1324 2103 τῶν

58 2155 225 2235 θυμουμένους
250 2156 388 2226 σπονδῶν.

99 2394 204 2481 caput
227 2396 269 2463 37
294 2402 315 2482 ἕ
339 2399 371 2467 2.
404 2397 495 2484 Vulg.
530 2398 655 2485 Iujuria
684 2398 711 2464 Β
743 2397 862 2464 omittit
888 2396 1133 2472 Λακεδαιμονίους
1157 2397 1234 2472 μήτε
1257 2397 1322 2469 τοὺς

60 2508 233 2596 ξυμμάχους
255 2517 323 2590 τοὺς
345 2518 595 2596 Λακεδαιμονίων,
622 2517 712 2597 μηδὲ,
737 2537 820 2601 quae
843 2515 941 2582 uerba
964 2515 1059 2581 Valla
1082 2516 1230 2580 reddidit.

99 2631 178 2699 ibid.
211 2634 304 2721 Vulg.
334 2640 422 2702 recte
452 2637 525 2712 μηδὲ
555 2632 610 2721 ὦυ;
643 2636 753 2701 Valla:
793 2634 859 2715 „Ne
890 2634 1028 2700 uicissim
1059 2655 1136 2717 rex,
1169 2633 1322 2719 aliquisve

61 2770 180 2836 eorum,
202 2753 320 2840 quibus
342 2775 400 2822 rex
421 2753 582 2839 praeest''.
616 2754 643 2820 Β
667 2756 744 2830 μήτε
767 2749 813 2818 ὧν.

99 2872 176 2939 lbid
207 2874 299 2960 Vulg.
330 2879 416 2942 recte
447 2873 534 2953 μηδὲ
565 2874 630 2944 τοὺς
662 2872 861 2958 fuaemus,
890 2870 1000 2938 Valla:
1028 2872 1199 2962 „adversus
1223 2873 1321 2940 Lace·

61 2989 237 3060 daemonico
264 3012 412 3060 eorumve
435 2990 567 3060 socios''.
602 2993 629 3057 B
651 2994 729 3071 μήτε
754 2994 831 3064 τοὺς.

99 3117 119 3196 ξ
140 3113 171 3179 3.
195 3113 222 3179 B
246 3112 337 3179 addit
361 3112 530 3179 articulum
553 3113 577 3179 οἱ
602 3111 839 3191 Λακεδαιμόνιον,
864 3116 993 3195 praeter
1016 3112 1251 3178 necessitatem.

98 3352 200 3440 Caput
234 3353 278 3419 3'8
311 3351 336 3444 ξ
369 3355 399 3423 1.
435 3353 527 3439 Vulg.
562 3352 654 3419 Μετὰ
688 3354 717 3419 a
752 3353 877 3424 τούτοις.
912 3353 939 3417 Β
973 3353 1092 3438 injuria
1127 3353 1319 3437 partio-ulam

62 3472 178 3539 omittit.

98 3596 118 3675 ξ
150 3593 180 3658 2.
216 3590 311 3676 Vulg.
345 3590 558 3670 διαβεβηκότες
592 3596 643 3665 τὴν
678 3593 743 3657 Χίον
885 3591 935 3656 καὶ
971 3598 1142 3671 κρατοῦντες
1176 3600 1232 3668 γῆς
1267 3590 1317 3654 καὶ

62 3711 211 3788 induens.
245 3711 273 3777 Β
303 3717 378 3796 post
411 3711 622 3790 διαβεβηκότες
657 3709 757 3777 habet
790 3713 819 3783 ἐς
850 3717 882 3777 et
913 3719 988 3777 ante
1018 3720 1075 3789 γῆς
1106 3710 1219 3777 inserit
1247 3711 1315 3789 κου’,

63 3848 136 3914 quae
163 3831 258 3899 lectio
281 3837 448 3918 praestare
471 3831 613 3912 videtur,
646 3830 822 3915 Vallaeque
845 3833 1018 3917 respondet
1040 3832 1314 3917 interpretationi:

65 3950 140 4035 ,jam
161 3948 273 4017 Chium
297 3950 443 4036 appulsi,
466 3957 617 4034 terraque
641 3971 679 4016 ao
702 3950 783 4016 mari
806 3950 933 4035 potiti''.
