3000 4920
448 1373 655 1460 LIBER
694 1371 1046 1461 SEPTIMUS.

690 1645 813 1654 ——-—

152 1895 268 1983 eaput
301 1898 329 1964 1.
361 1897 387 1988 ξ
418 1899 447 1966 3.
481 1899 574 1986 Vulg.
608 1899 689 1974 τούς
720 1925 760 1965 τε
789 1899 990 1981 Ἱμεραίους
1021 1897 1142 1963 {reem
1168 1894 1382 1974 ξυμπολεμεῖυ.

109 2029 131 2083 Β
163 2019 254 2091 τοὺς
284 2020 503 2098 Ἱμεραίους,
524 2021 597 2106 jure
620 2020 772 2088 omittens
796 2020 964 2106 copulam,
987 2039 1072 2104 quae
1096 2038 1117 2083 a
1139 2016 1234 2083 Vella
1257 2036 1387 2100 qnoque

110 2142 163 2204 eet
195 2137 364 2223 neglecta:
402 2138 583 2220 „imeraeos
617 2138 660 2206 ad
694 2130 783 2206 belli
801 2140 987 2207 societatem
1016 2135 1252 2204 induxerunt”.
1299 2135 1385 2201 Audi

111 2254 306 2324 Olaeeennm
330 2257 375 2343 ¹):
409 2257 495 2341 „roric
525 2259 683 2339 Ἱμεροοίους
712 2258 771 2326 hat
801 2259 894 2337 vam
923 2258 975 2324 die
998 2257 1140 2325 anderen
1163 2256 1238 2325 Hes.
1261 2256 1329 2329 τούς
1353 2280 1386 2320 τε

111 2379 203 2458 Ἱμερ.
259 2376 363 2444 Alloin
401 2379 461 2447 das
499 2376 704 2446 Verhiiltniss
743 2379 801 2445 der
839 2377 1007 2445 Himerier
1043 2377 1087 2443 ist
1126 2397 1187 2444 von
1222 2375 1295 2441 dem
1331 2372 1389 2441 der

113 2494 315 2564 Selinuntier
330 2497 427 2581 (deno
443 2518 485 2564 an
500 2497 549 2564 κοί
566 2503 632 2572 τοὺς
645 2507 718 2566 Σελ.
730 2498 749 2563 l.
769 2498 809 2563 19
822 2502 942 2564 miisete
954 2496 1014 2562 des
1024 2520 1059 2561 τε
1072 2493 1139 2562 sich
1157 2494 1388 2580 aneohliessen)

115 2636 153 2682 ro
175 2613 400 2695 verschieden,
424 2616 500 2683 dass
523 2639 563 2684 zu
585 2617 673 2684 einer
697 2638 834 2703 engeren
858 2614 1068 2702 Verbindung
1091 2614 1248 2681 zwischen
1271 2613 1389 2681 beiden

115 2734 191 2802 kein
225 2733 337 2802 Grnnd
366 2734 420 2800 ist.
466 2736 619 2822 Degegen
648 2736 692 2805 iet
723 2737 743 2804 l.
767 2739 811 2803 23
835 2734 870 2827 (ξ
894 2736 930 2823 4)
955 2736 1013 2803 das
1039 2756 1109 2801 vom
1133 2734 1207 2800 Vat.
1231 2733 1388 2819 gebotene

117 2881 151 2921 τε
172 2855 229 2922 bei
250 2861 301 2921 τοῦ
324 2857 449 2937 Ἀρχον.
474 2856 549 2923 sehr
570 2856 739 2944 wirlrsam,
763 2878 816 2923 um
833 2856 884 2922 die
900 2855 1115 2940 Vereinigung
1130 2853 1242 2921 beider
1257 2852 1390 2922 Griinde

117 2978 179 3060 (τοῦ
203 2999 243 3040 τε
267 2973 356 3057 ’Am
379 2975 620 3052 τεθνηκότοςκοοί
643 2981 694 3042 τοῦ
717 2986 789 3042 Γυλ.
813 2977 957 3049 δοκοῦντος
982 2973 1071 3060 ἥκειν)
1099 2972 1389 3060 hervorzuheben''‚

118 3093 174 3160 ubi
206 3099 240 3161 et
271 3094 367 3161 Valla
396 3099 499 3162 recte:
534 3096 640 3180 „quod
671 3102 710 3163 et
740 3094 1039 3162 Archonidas
1068 3113 1170 3177 nuper
1192 3093 1258 3159 rito
1281 3112 1391 3159 excoe-

122 3218 233 3301 „eerat
368 3221 406 3280 et
527 3212 685 3302 Gylippus
707 3214 842 3300 impigre
868 3214 973 3280 venire
996 3234 1014 3278 e
1038 3210 1280 3278 Lacedaemone
1304 3211 1390 3278 vide·

125 3330 272 3414 „batua”

165 3450 250 3520 Ibid.
275 3450 363 3538 Vulg.
386 3453 435 3518 κοοί
459 3460 519 3526 τοῖς
542 3453 575 3518 ἔκ
596 3455 652 3519 τῶν
674 3458 741 3517 vecie
764 3458 820 3518 τῶν
843 3451 989 3533 σφετέρων
1013 3450 1135 3523 νοοίτοοος
1158 3447 1233 3515 ίοοο
1253 3451 1296 3528 μίρ
1311 3445 1392 3531 εἶχον

123 3570 204 3636 derna
233 3576 412 3651 οτοοροοοχείυ.
443 3581 465 3635 Β
496 3567 560 3638 ίοοο.
606 3570 700 3639 Valla
731 3571 882 3656 vulgatae
914 3571 1028 3639 merito
1060 3571 1236 3637 consentit:
1273 3568 1392 3651 „etad

128 3688 334 3775 „praebenda
361 3709 490 3755 suornm
513 3690 641 3756 navium
664 3691 771 3758 nautis
795 3691 942 3776 quibus
966 3691 1101 3757 deerant
1123 3690 1246 3757 arma.''
1292 3689 1393 3757 Nemo

125 3807 314 3893 praetulerit
343 3829 383 3874 ex
413 3819 435 3873 Β
466 3806 520 3874 ίοο
551 3810 638 3894 qnod
669 3811 843 3877 correctori
873 3810 990 3876 tribuo.
1036 3809 1074 3874 In
1106 3809 1221 3894 capitio
1245 3807 1308 3874 fine
1332 3807 1391 3875 hoe

126 3930 242 3993 nautas
265 3925 444 3992 Himeraeis
468 3927 640 3994 armandos
664 3928 808 4014 appellat
831 3928 970 4013 scriptor
991 3927 1058 4000 τοὺς
1083 3927 1291 4005 ὡπλισμένους.

170 4044 253 4113 Ibid.
283 4044 375 4131 Vulg.
405 4047 473 4120 τοὶς
503 4046 568 4126 μὲν
598 4052 668 4121 νοοῦς
699 4049 884 4114 tustanum.
930 4059 952 4113 Β
984 4047 1073 4129 γὰρ,
1105 4046 1173 4113 sine
1197 4044 1294 4111 dubio
1312 4065 1394 4126 ¹vera

69 4180 71 4261 ζ
129 4166 286 4250 scriptura
308 4186 328 4230 a
350 4163 444 4232 Valla
465 4166 630 4235 stabilita:
657 4188 776 4247 „neree
799 4168 901 4233 enim
925 4166 1044 4234 ibidem
1068 4161 1317 4233 subduxerant'.

160 4420 189 4486 1)
207 4420 274 4472 Krit
291 4420 413 4487 Anhang.
431 4433 489 4487 pag.
506 4417 564 4471 15⁹.
