3000 4920
739 343 781 408 61

114 575 204 646 10010
227 583 283 646 001
304 579 427 662 nullm,
450 578 563 649 eodem
586 580 681 649 modo
704 600 745 648 ac
766 579 838 648 loeo
861 584 973 648 nostro
997 579 1228 665 interpretatus
1251 582 1312 645 est.
1335 575 1391 662 (01

114 695 174 764 VII
198 718 228 765 o.
255 699 305 785 9).

157 938 271 1024 Caput
301 941 322 1004 2
350 938 376 1031 ξ
401 942 428 1007 1.
473 941 566 1026 anq.
588 942 638 1007 καὶ
662 939 730 1017 ἅμα
753 941 906 1020 ἡγούμενοι
929 941 1051 1024 βραχὺν
1072 942 1189 1008 ἔσεσθαι
1213 941 1262 1005 τόν
1292 938 1391 1005 λωτόν

114 1057 259 1136 πόλεμον.
304 1059 504 1128 Praecedens
533 1060 704 1138 νομίσαντες
734 1059 829 1146 facit,
861 1066 899 1127 ut
924 1060 1039 1127 inutile
1064 1060 1321 1128 additamentum
1347 1056 1391 1124 sit

116 1174 291 1264 ἡγούμενον,
316 1177 401 1261 quod
422 1178 456 1245 in
477 1177 505 1244 Β
528 1177 621 1246 abest
643 1199 749 1264 noque
772 1200 794 1246 a
815 1178 912 1246 Valla
933 1177 1084 1247 refertur.

157 1292 240 1384 §2
269 1295 360 1382 Vulg.
382 1302 470 1365 recte
492 1299 648 1378 όμγῶντες,
672 1311 694 1364 Β
717 1300 875 1379 &pydnae

158 1412 245 1480 Ibid.
291 1413 382 1500 ang.
413 1417 451 1487 ὡς
480 1414 516 1480 τό
543 1413 577 1494 γ’
611 1415 690 1481 ἐπιὸν
716 1416 791 1497 όέρος
822 1410 923 1481 οἷοίτ’
945 1416 1059 1482 ἔσονται
1082 1415 1290 1497 reppererat.
1337 1411 1391 1480 sio

115 1531 214 1599 etiam
240 1531 346 1600 Valla
391 1533 542 1601 Attamen
572 1533 600 1600 Β
623 1541 700 1602 ante
721 1530 770 1601 olor
792 1534 907 1602 inserit
928 1535 1030 1620 αὐτοί,
1057 1533 1163 1620 qnod,
1186 1534 1262 1601 licet
1285 1531 1389 1618 primo

115 1649 263 1719 arrideat
294 1651 408 1720 obtutu
437 1659 538 1739 atque
569 1653 684 1739 cuique
715 1653 759 1720 ad
787 1653 966 1720 sententiae
991 1653 1184 1738 pneumam
1207 1650 1390 1735 augendam

112 1770 265 1838 rideatur
285 1772 491 1840 inserendum
515 1793 606 1860 osse,
628 1772 835 1840 nihilominus
859 1794 881 1840 a
903 1772 1059 1857 scriptore
1082 1770 1228 1838 additum
1250 1791 1322 1837 esse
1336 1769 1390 1837 vix

112 1894 237 1975 potest.
284 1889 363 1969 Quis
387 1892 471 1959 onim
494 1891 667 1960 crediderit
688 1891 918 1971 Athenienses,
950 1890 1008 1976 qni
1030 1890 1080 1956 vel
1102 1890 1206 1977 adjuti
1229 1890 1389 1957 sociorum

114 2006 250 2075 auxiliis
284 2007 409 2076 cladem
442 2011 645 2096 accepissent
677 2010 713 2077 in
745 2011 852 2078 insula
886 2008 1013 2090 Sicilia,
1047 2008 1230 2093 insequenti
1263 2012 1389 2075 aestate

110 2125 223 2195 solos
250 2126 429 2212 superiores
451 2126 577 2196 futuros
600 2149 672 2197 osse
694 2127 899 2213 pedestribus
922 2127 1154 2213 maritimisque
1173 2126 1274 2212 copiis
1291 2127 1388 2195 amis-

109 2246 158 2315 sis
177 2246 361 2333 juventutis
382 2245 461 2315 flore
484 2248 674 2335 deperdito?
696 2248 749 2332 (ct
772 2270 800 2315 o.
827 2251 843 2314 l
866 2246 892 2339 ,Β
914 2250 961 2332 2).

153 2362 239 2456 §a
268 2363 803 2451 1119.ος000,1ος0111ςῆ1.
849 2366 945 2434 Valla
966 2365 1047 2432 nihil
1068 2365 1173 2433 docet.

151 2482 178 2576 ξ
200 2484 237 2551 4.
270 2482 364 2572 Vulg.
387 2485 575 2568 πανταχόθεν
597 2511 650 2566 τες
673 2485 701 2552 Β
724 2485 830 2555 minus
852 2485 1053 2554 vonnmilem
1068 2483 1199 2552 exhibet
1214 2484 1386 2553 lectionem

105 2603 257 2672 scribens
278 2603 469 2686 πανταχόθεν
492 2605 534 2671 el.
580 2605 678 2675 Valla
699 2607 780 2674 1111111
803 2605 907 2674 docet.

151 2721 241 2790 Ibid.
263 2721 359 2809 Vulg.
389 2724 587 2809 λογιζόμενον,
619 2739 642 2792 Β
674 2725 920 2808 διαλογιζόμενον,
954 2726 1041 2811 quod
1072 2722 1151 2791 alibi
1174 2722 1260 2809 apud
1284 2723 1385 2809 serip-

104 2845 214 2909 torsm
250 2845 397 2908 nostrum
428 2863 495 2910 non
527 2844 681 2912 invenias
726 2843 847 2912 llotnm
884 2864 963 2912 sane
995 2848 1047 2911 est
1075 2841 1137 2911 hoo
1164 2841 1277 2909 ultimo
1300 2840 1384 2911 libro

94 2961 209 3061 ‚semel
236 2960 416 3048 iterumque
446 2963 625 3050 Thucydidi
654 2961 742 3042 ἅπαξ
759 2963 912 3045 λεγόμενα
934 2961 1092 3030 vocabule
1113 2961 1285 3048 imputari,
1310 2982 1383 3029 oum

104 3084 218 3149 antem
243 3081 378 3168 simplex
399 3083 566 3166 λογῖζεσόον
581 3083 701 3169 optime
716 3104 750 3151 se
766 3083 903 3164 haheat,
918 3081 999 3149 nihil
1014 3103 1072 3150 cur
1087 3087 1246 3148 mutemus
1263 3101 1383 3150 causas

106 3204 283 3286 suppetere
305 3207 395 3285 puto.

149 3315 237 3385 Ihid
266 3316 294 3383 Β
316 3317 437 3405 injana
458 3319 577 3388 omittit
599 3322 641 3401 ri,
668 3321 755 3407 quod
778 3322 875 3390 Valla
896 3322 1065 3408 expressit.

151 3552 262 3642 Caput
283 3556 305 3622 3
326 3554 352 3647 ξ
376 3557 405 3624 1.
438 3556 532 3644 Vulg.
556 3560 606 3626 sol
629 3560 695 3633 τοὺς
718 3560 828 3632 ἄλλους
852 3561 918 3633 τοὺς
941 3557 1038 3642 ταύτῃ
1053 3564 1214 3626 Θεσσαλῶν
1229 3557 1380 3640 ὑπηκόους,

108 3673 349 3758 μεμφομένων
378 3674 438 3741 καὶ
467 3676 595 3743 ἀνιόντων
623 3683 680 3744 τῶν
712 3684 889 3765 Θεσσαλῶν,
921 3677 1041 3759 luipone
1064 3678 1098 3743 τέ
1120 3700 1202 3750 τινας
1226 3676 1379 3756 ἠνάγκασε

108 3794 221 3881 war,
250 3794 280 3861 B
310 3815 372 3882 pro
398 3797 595 3880 μεμφομένων
617 3797 697 3883 legit
717 3797 945 3880 μεμφομένους,
974 3796 1061 3882 quod
1084 3803 1218 3882 propter
1240 3797 1379 3864 vicinum

110 3913 248 3991 ὗτντόοντ
270 3920 459 4001 corruptum
481 3936 552 3984 esse
575 3922 720 4003 apparet
756 3916 851 3984 Valla
872 3914 1021 3983 Vaticani
1043 3915 1215 3982 lectionem
1229 3913 1376 3983 exhibet:

112 4038 161 4115 „et
189 4033 274 4102 alios
306 4035 394 4103 ciroa
415 4036 554 4121 populos
575 4037 705 4105 ditionis
727 4036 973 4123 Thessalorum,
1004 4035 1065 4103 sibi
1088 4039 1273 4121 suspectos,
1296 4035 1376 4120 ipsis

101 4152 203 4220 etiam
226 4152 392 4222 1110011110
414 4151 550 4222 invitis”

147 4267 171 4363 ξ
202 4273 234 4338 2.
267 4270 364 4358 Vulg.
394 4272 456 4338 καὶ
487 4275 632 4354 Κορννόίονς
662 4280 750 4341 10010
771 4279 809 4341 ut
838 4273 949 4341 Valles
980 4272 1075 4354 „item
1099 4268 1301 4340 Corinthiis.”
1347 4270 1375 4337 B

110 4393 249 4474 llrprsdlorr
272 4390 313 4459 δέ.
