2962 4912
728 281 770 347 78

156 522 262 605 Caput
293 521 336 585 34
366 519 390 609 ξ
424 521 453 583 1.
488 517 580 603 Vulg.
604 518 654 583 καί
678 517 772 597 ὥσπερ
796 506 902 590 ίδθντες
926 519 1097 592 ἐπεδίωκον,
1124 531 1146 585 Β
1170 516 1220 582 καί
1244 519 1281 587 ὡς
1307 513 1373 580 είδοι

112 641 231 718 εδίωκον,
255 660 340 725 qnae
362 638 457 706 lectio
475 659 583 704 omnes
599 637 685 704 tollit
700 636 916 704 difficultates.
943 636 997 704 Sic
1013 636 1111 702 etiam
1130 635 1242 701 Valla:
1267 654 1373 718 easqu

112 761 247 829 simulac
278 759 460 844 conspexit,
491 758 664 842 insequuta
694 755 772 824 est''.
819 755 961 823 Stahlius
984 758 1018 821 in
1042 755 1150 842 Symb.
1174 755 1255 840 phil.
1281 754 1373 820 Bonn

112 880 292 966 proposuit:
323 879 374 943 καί
407 877 501 958 ὥσπερ
532 872 630 958 εἶχον,
662 875 766 948 ίδόντες
798 876 908 941 ἐδίωκον
931 875 1017 942 haud
1041 875 1126 941 male
1148 895 1256 959 neque
1280 878 1373 940 tame]

113 997 305 1064 necessario.

157 1116 238 1182 Ibid.
262 1116 503 1198 καταφεύγουσιν
526 1117 556 1186 ἐς
579 1115 628 1180 τόν
750 1117 857 1192 λιμένα
878 1119 1059 1180 Φοινικοῦντα
1082 1113 1326 1189 καλούμενον;
1341 1110 1373 1176 sit

115 1234 211 1302 Valla
241 1255 387 1320 quoque:
423 1233 549 1318 „fugam
574 1233 783 1299 intenderunt
805 1234 838 1299 in
862 1239 990 1318 portum
1016 1232 1163 1297 Mimanti
1188 1230 1366 1316 subjectum

112 1354 264 1420 nomine
295 1352 577 1419 Phoenicuntem’'.
625 1351 771 1418 Solemne
799 1352 1003 1437 participium
1032 1352 1066 1416 in
1098 1349 1281 1417 nominibus
1313 1368 1373 1433 geo·

112 1473 275 1558 graphicis
300 1493 364 1539 non
388 1470 524 1537 libenter
548 1491 619 1537 oum
642 1470 669 1534 Β
694 1471 912 1538 desideramus
937 1492 1039 1556 neque
1062 1470 1237 1538 Classonus
1262 1472 1373 1535 etextu

116 1594 301 1661 eliminavit.

159 1904 266 1989 Caput
290 1904 333 1969 35
357 1901 381 1993 ξ
406 1905 435 1967 1.
461 1901 554 1987 Vulg.
578 1903 770 1983 ἐφειστήκει,
793 1910 892 1970 recte.
936 1903 963 1967 B
987 1904 1163 1984 οίφεστθκει.

158 2019 238 2110 ξῖ.
271 2020 365 2104 Vulg.
397 2026 484 2086 recte
515 2021 782 2100 προσβαλλοθοας,
814 2020 841 2084 Β
872 2020 1110 2099 προσβαλοόσας.
1159 2020 1270 2087 Valla:
1297 2018 1373 2103 „qui-

118 2137 403 2207 transmitterent’'.

159 2256 183 2347 §
207 2259 238 2323 3.
270 2258 317 2321 ἐπί
341 2257 475 2336 Τριοπίῳ.
513 2253 630 2321 Omnes
653 2254 728 2321 libri
751 2261 880 2341 praeter
903 2257 930 2321 Β
955 2258 1106 2323 omittunt
1128 2259 1181 2336 τῷ.

159 2384 179 2460 ξ
202 2378 234 2442 4.
259 2375 351 2460 Vulg.
375 2385 412 2457 τῇ
435 2374 460 2438 δ’
486 2376 625 2458 ὑστεραία
649 2373 729 2448 αὖθις
752 2378 956 2456 προσέβαλλον
977 2379 1043 2459 καί,
1069 2379 1105 2449 ὡς
1130 2377 1246 2455 θροεινον
1270 2375 1373 2458 Φραξα·

114 2500 206 2575 μένων
230 2498 324 2562 αὐτῶν
441 2496 529 2560 οὐκέθ’
555 2496 654 2572 ὁμοίως
677 2497 840 2573 ἔβλαπτον,
860 2496 1070 2568 ἐπελθόντες
1091 2498 1140 2561 καί
1157 2497 1313 2578 δρθσαντες
1328 2496 1373 2567 τίοι

113 2625 169 2683 τῶν
189 2617 302 2683 Κνιδίαν
321 2623 377 2692 γῆν
399 2618 427 2686 ἐς
447 2617 500 2689 τίρν
521 2613 623 2691 Σοίμον
644 2615 846 2680 οίπέπλευσαν.
877 2615 902 2679 Β
922 2637 982 2701 pro
1002 2616 1170 2689 ἐπελθόντες
1193 2615 1273 2700 legit
1289 2617 1373 2680 οίπελ

117 2736 229 2829 θθντες,
261 2732 302 2799 ab
336 2730 483 2797 omnibus
508 2731 593 2815 quod
618 2733 735 2809 sciam,
759 2732 934 2799 editoribus
958 2733 1139 2816 probatum.
1186 2733 1267 2799 Num
1287 2733 1373 2816 jure?

116 2854 256 2938 Vulgata
291 2871 354 2934 quo
389 2850 483 2916 modo
518 2850 685 2935 bucusque
722 2851 846 2917 solebat
876 2852 1077 2937 interpuugi‚
1112 2858 1269 2919 commate
1299 2852 1373 2914 inter

115 2975 268 3051 ἔβλαπτον
293 2976 325 3036 et
347 2968 522 3041 ἐπελθόντες
548 2972 671 3054 posito,
696 2971 827 3039 retineri
849 2992 914 3038 non
935 2972 1056 3057 potuit,
1073 2970 1220 3055 liberque
1236 2970 1262 3035 B
1278 2986 1373 3034 neces⁴

117 3092 202 3157 sario
226 3095 298 3155 erat
322 3089 512 3172 sequendus.
558 3088 640 3166 Quid
665 3096 771 3155 autem
796 3090 823 3154 si
846 3089 978 3174 legimus
1001 3091 1089 3154 οὐκέθ’
1111 3089 1210 3164 δμοίως
1235 3089 1373 3166 ἐβλαστοῑ

117 3214 301 3294 ἐπελθόντες,
325 3208 374 3273 καί
399 3208 549 3290 δρόσοντες
573 3213 625 3283 τθρν
648 3215 704 3273 τῶν
728 3209 841 3274 Κνιδίαν
864 3189 921 3286 γῆν
940 3213 968 3280 ἐς
984 3211 1035 3283 elo
1052 3209 1155 3284 Σοίροον
1171 3211 1363 3275 οίπέπλεοοαν

117 3330 207 3396 Haec
237 3328 349 3412 lectio,
382 3329 415 3392 ni
447 3328 555 3392 omnia
588 3349 638 3392 me
662 3327 795 3413 fallunt,
829 3331 869 3394 ab
899 3331 985 3395 omni
1008 3336 1101 3414 parte
1125 3352 1159 3396 se
1182 3330 1280 3397 habet
1301 3329 1373 3392 rece

119 3467 254 3531 eamque
278 3466 298 3511 a
321 3445 415 3511 Valla
440 3444 577 3511 stabiliri
599 3445 667 3511 lere
691 3447 836 3512 dixerim:
875 3448 1027 3528 „Postero
1051 3449 1102 3514 die
1124 3471 1235 3514 rursus
1252 3449 1373 3514 subeon

119 3572 186 3644 tea,
211 3585 308 3647 quum
332 3585 391 3647 per
414 3569 540 3629 noctem
565 3565 719 3649 oppidani
742 3566 855 3631 melius
872 3565 983 3631 urbem
1000 3564 1202 3650 obsepissent
1219 3615 1226 3630 .
1243 3615 1272 3634 ..
1302 3579 1373 3645 ,no

116 3684 185 3768 jam
209 3681 342 3766 perinde
365 3683 399 3746 in
423 3683 686 3767 oppugnando
710 3704 862 3769 nocuere,
893 3705 931 3750 ac
955 3690 1140 3769 pervastato
1164 3684 1290 3751 illorum
1314 3701 1373 3768 agr

119 3801 154 3865 in
178 3800 308 3867 Samum
332 3797 486 3865 rediere''.

167 4097 274 4181 Caput
289 4097 332 4161 36
355 4094 379 4185 ξ
397 4099 425 4161 1.
448 4096 540 4181 Vulg.
563 4099 607 4168 ὡς
624 4098 766 4172 Μίλκτονρ
783 4097 810 4161 Β
827 4099 880 4175 ἐς,
896 4105 990 4164 reete.
1008 4097 1119 4164 Valla:
1148 4101 1200 4180 „in
1218 4095 1372 4167 Miletum'

167 4220 187 4298 ᾗ
212 4217 244 4283 2.
274 4213 369 4297 Vulg.
399 4213 449 4279 καί
482 4212 581 4287 ἄλλας
613 4213 661 4280 ἐπί
696 4215 868 4295 Θκριμένους
900 4216 1038 4296 παρόντος
1068 4218 1186 4286 ἐποίουν.
1221 4232 1243 4284 Β
1268 4221 1308 4285 ἔτι
1331 4234 1373 4302 pt

123 4335 185 4414 ε’πί,
207 4333 283 4399 viris
308 4332 412 4399 doctis
439 4334 703 4418 approbantibus.
744 4334 826 4412 Quid
850 4341 957 4403 autem
976 4337 1091 4416 refert,
1109 4342 1215 4403 utrum
1231 4338 1373 4405 Thetim<
