3000 4920
738 270 784 336 66

167 506 276 594 Caput
300 509 342 574 12
364 507 389 598 ξ
418 511 446 576 1.
468 507 561 594 Vulg.
582 511 763 591 φίῆσεετιι,
787 506 815 573 Β
836 508 929 575 addit
950 534 994 576 τε.
1019 509 1116 576 Valla
1137 508 1269 576 liberius
1291 508 1423 575 verti

167 627 249 694 Ibid.
283 628 377 713 Vulg.
406 628 504 703 οὲγοιν
533 625 577 691 ὅτι
603 628 766 706 marai
793 651 828 691 τε
858 628 1042 700 πλεύσαντες
1069 627 1135 707 πρὶν
1158 630 1212 702 τὴν
1233 628 1422 693 reunsi-13

121 747 277 830 ξυμφορὰν
302 749 384 819 xlm
405 748 545 831 πίίέτίπι,
567 760 679 814 Β....
703 750 769 828 πρὶν
791 751 809 825 ἢ
831 751 884 824 τὴν
906 755 962 814 τῶν
984 748 1177 826 ’Δίννοιίιιν
1204 751 1277 816 ari.
1301 748 1424 816 Uuu=

120 878 171 936 est
200 890 220 934 e
251 870 350 954 locis,
381 871 415 936 in
444 868 563 955 quibus
596 867 774 934 Vaticanus
804 868 929 935 retmlit
961 869 1117 936 lectiones
1143 869 1226 935 miro
1255 868 1344 934 modo
1398 881 1424 927 ³

120 991 252 1076 vulgata
273 992 461 1057 recedentes
483 989 662 1073 eodemque
683 995 828 1074 tempore
850 989 1012 1074 pessimae
1032 997 1130 1057 notae
1145 991 1184 1073 1).
1230 985 1424 1070 Quomodo

122 1111 207 1177 euim
228 1119 286 1177 τῶν
310 1111 466 1185 Ἀθηναίων
488 1108 640 1176 confundi
663 1110 805 1192 potuerit
826 1131 898 1175 cum
920 1111 988 1175 νέων
1002 1130 1096 1176 nemo
1110 1110 1271 1194 intelligit.
1298 1104 1418 1176 Valla

121 1238 230 1298 autem
260 1253 326 1298 non
359 1230 501 1297 reddidit
534 1236 591 1295 τῶν
624 1237 691 1294 νεῶν
724 1231 842 1297 nedum
875 1236 932 1296 τῶν
968 1232 1123 1306 ’Λίησιιίον
1156 1231 1404 1316 interpretatus

121 1350 180 1416 sit:
215 1349 297 1416 haec
326 1349 425 1416 verba
454 1348 552 1434 igitur
580 1348 616 1414 in
644 1348 727 1415 libro
757 1349 827 1415 eius
857 1348 1011 1435 aberant,
1044 1349 1270 1438 sequiturque,
1293 1355 1330 1417 ut
1350 1346 1394 1414 de

121 1468 313 1537 emblemate
335 1469 511 1554 cogitemus
533 1469 577 1535 sit
599 1489 739 1535 neccsse
774 1468 1014 1535 Praemonitum
1036 1470 1090 1535 rix
1104 1475 1183 1554 puto
1199 1486 1387 1555 quemquam

121 1589 271 1655 dubitare
305 1589 346 1654 de
381 1590 494 1673 spuria
527 1595 646 1655 natura
676 1587 847 1654 verborum
876 1594 934 1653 τῶν
966 1584 1142 1667 Ἀθηναίων,
1180 1590 1261 1675 quin
1295 1591 1383 1657 etiam

119 1708 269 1792 vulgatae
299 1714 355 1772 τῶν
377 1714 444 1772 νεῶν
468 1707 510 1773 ad
533 1709 586 1782 rto
608 1705 763 1788 ξυμφορὰν
785 1705 1013 1791 explicandum
1035 1713 1112 1774 sunt
1135 1708 1257 1775 additu.
1301 1706 1384 1789 Quod

120 1829 148 1894 si
171 1829 359 1914 statuimus,
384 1828 545 1913 quomodo
568 1827 677 1892 ramae
698 1826 854 1892 lectiones
876 1831 988 1893 tantae
1011 1826 1206 1893 diversitatis
1223 1832 1315 1893 ortae
1331 1828 1389 1894 siut
1413 1828 1419 1875 '-

119 1969 184 2014 non
215 1949 353 2035 amplius
383 1950 481 2030 latet3
510 1948 561 2016 bis
583 1948 669 2014 enim
691 1946 734 2012 ad
757 1949 810 2021 τίιν
833 1945 988 2031 ξυμφορὰν
1010 1947 1245 2033 interpolatum
1269 1952 1338 2014 est:
1361 1948 1390 2013 in
1413 1920 1424 2027 ⁵2

119 2067 250 2152 vulgata
272 2069 397 2152 majore
420 2090 493 2135 oum
517 2069 625 2153 specie
647 2089 707 2153 per
728 2075 784 2133 τῶν
806 2074 888 2144 νεῶν,
912 2068 1071 2134 infelicius
1094 2073 1203 2135 autem
1226 2068 1260 2133 in
1284 2068 1312 2132 Β
1336 2089 1392 2153 per

118 2176 175 2253 τῶν
219 2189 375 2264 Ἀθηναίων
419 2188 456 2278 (i.
490 2210 517 2256 e.
546 2189 670 2255 cladem
705 2188 747 2255 ab
781 2187 991 2255 Athiensibus
1025 2187 1201 2274 Spartiatis
1236 2189 1394 2274 sociisque

118 2305 243 2373 illatam
259 2307 295 2392 2).

164 2424 247 2491 lbid.
271 2425 363 2511 Vulg.
386 2427 436 2491 καί
459 2427 566 2512 οὗτός,
589 2426 660 2492 ὅταν
683 2426 839 2507 προσβοίλιι
853 2478 860 2492 .
875 2477 882 2492 .
897 2477 928 2492 ..
951 2426 1078 2502 πείσειν,
1099 2439 1121 2492 Β
1145 2426 1196 2492 ael
1220 2427 1311 2501 αὐτὸς
1332 2425 1392 2506 ὅτι,

120 2544 154 2619 ἢν
184 2546 341 2628 προσβοίοιμ
346 2595 442 2624 .....
476 2548 580 2613 πείσει.
625 2546 653 2612 Β
684 2551 772 2612 oerte
802 2544 1034 2629 significantius
1057 2546 1139 2613 dixit
1161 2567 1220 2631 per
1243 2549 1394 2632 conjunc-

118 2663 238 2729 tionem
269 2665 319 2739 ἢνι
350 2664 446 2730 modo
474 2663 598 2729 ioniam
628 2664 726 2730 adeat
747 2671 784 2731 ut
806 2685 914 2730 rerum
936 2665 982 2731 ibi
1003 2666 1156 2750 potiatur.
1203 2666 1277 2733 Hac
1300 2668 1335 2733 in
1359 2688 1393 2734 re

118 2803 191 2848 cum
213 2781 240 2846 B
263 2781 343 2848 facit
366 2782 479 2849 Valla:
506 2787 616 2866 „etse
640 2783 674 2848 si
697 2782 822 2848 Ioniam
838 2782 955 2867 adeat,
978 2782 1074 2850 facsse
1091 2786 1195 2851 socios
1211 2784 1390 2853 Athenien·

118 2901 200 2967 sium
223 2902 369 2968 civitates
393 2902 436 2968 ad
459 2902 672 2970 defectionem
694 2901 933 2968 inducturum.’'
967 2902 1060 2981 Quod
1084 2910 1192 2971 autem
1216 2905 1335 2971 attinet
1345 2904 1393 2971 'ad

119 3020 291 3099 ἔτι-πείσει,
325 3021 457 3087 dubium
486 3027 588 3089 restat
617 3042 724 3088 annon
755 3021 1013 3107 anteponendum
1045 3023 1088 3089 sit
1115 3023 1285 3109 vulgatae,
1309 3045 1393 3110 quae

117 3140 232 3207 saltem
255 3140 333 3207 ferri
354 3144 472 3225 potest.

161 3256 245 3323 lbid.
270 3256 363 3341 Vulg.
386 3259 482 3335 λέγων
504 3255 670 3332 οίσίένειιεν,
695 3258 723 3322 Β
745 3258 872 3323 inverso
895 3258 1015 3324 ordine.

160 3374 242 3441 lbid.
278 3376 372 3462 Vulg.
407 3377 573 3459 πιστότερον
603 3377 663 3458 γὰρ
685 3377 785 3442 ἄλλων
815 3378 989 3460 Φοινεῖσθοιι,
1014 3390 1036 3442 Β
1061 3377 1272 3460 πιστότερος
1297 3379 1390 3445 unice

115 3515 236 3560 verum.
274 3494 368 3561 Valla
394 3518 488 3576 „nam
512 3496 572 3564 sibi
595 3502 724 3582 praeter
746 3502 891 3563 caeteros
913 3495 1010 3563 fidem
1034 3497 1121 3581 apud
1144 3497 1219 3564 illos
1242 3497 1344 3565 fore.''

158 3731 264 3817 Caput
289 3735 340 3802 13.
371 3732 395 3824 ξ
421 3737 450 3800 1.
486 3735 579 3820 Vulg.
609 3733 807 3816 ἀνεκομίζοντο
822 3781 829 3798 .
844 3782 852 3798 .
867 3783 896 3799 ..
928 3734 978 3799 uel
1012 3736 1049 3799 οιί
1079 3735 1140 3800 οίπὸ
1172 3744 1225 3810 τῆς
1247 3736 1389 3812 Σικελιόις

113 3853 345 3927 Πελοποννησίων
368 3853 524 3920 taxatione
548 3861 622 3927 νῆες.
653 3852 794 3931 Quarum
817 3852 946 3919 navium
968 3875 1135 3921 numerum
1159 3876 1234 3921 oum
1256 3877 1300 3923 ex
1325 3858 1388 3943 VI,

144 4146 173 4209 l)
190 4148 222 4198 cl.
239 4147 320 4199 Closs.
338 4147 418 4211 prael.
434 4148 453 4198 l.
470 4146 541 4197 Vlll.
559 4161 616 4212 pag.
636 4145 709 4195 xxl.

143 4241 172 4306 Β)
195 4243 227 4293 cl.
250 4259 274 4293 c.
297 4242 328 4293 15
351 4241 460 4306 §truc
484 4242 552 4296 Χίον,
576 4241 619 4290 vbi
641 4241 731 4291 eodem
752 4241 813 4304 jure
837 4245 1037 4305 expectaremus
1063 4242 1105 4293 ίτι
1127 4242 1290 4308 ἀφέστηκεν,
1318 4253 1390 4315 quod

111 4338 246 4402 proposuit
264 4337 470 4402 Herwerdenus,
492 4352 535 4387 me
549 4335 638 4400 judice
655 4341 745 4386 tamen
765 4338 806 4387 vix
824 4342 904 4389 recte.
