3000 4920
794 319 838 384 42

184 575 224 619 zu
254 553 326 619 dem
357 553 415 620 Vb.
446 554 635 631 ἕσιβιὶσοισιιι
665 554 699 619 in
731 558 879 622 aiisserer
909 555 1106 640 Beuiehung,
1132 555 1214 622 doeh
1236 577 1298 621 nur
1319 556 1353 620 in
1377 555 1454 622 dem

184 671 393 758 allgemeinen
427 672 541 740 Sinne:
580 673 664 757 „und
696 695 730 741 es
760 674 838 742 wird
870 674 1017 741 daduroh
1048 697 1091 742 an
1119 675 1205 742 Bord
1235 675 1306 740 eine
1338 673 1456 758 Menge

184 791 358 859 Mensohen
393 814 576 859 zusammen
610 793 796 862 kommen”.
841 795 921 861 Dem
956 793 1046 876 ὄχλος
1084 794 1163 862 aber
1203 793 1353 860 sohliesst
1384 791 1456 859 sich

183 910 242 976 der
272 910 519 996 zweigliederige
550 911 744 978 Relativsatz
775 932 836 996 an,
868 934 908 978 zu
939 911 1054 978 dessen
1084 912 1224 980 zweitem
1255 909 1368 978 Gliede
1391 931 1453 978 aus

183 1028 255 1094 dem
287 1023 307 1110 ᾧ
338 1008 394 1095 des
425 1032 532 1094 ersten
563 1028 621 1095 der
651 1028 833 1095 Nominativ
864 1027 893 1100 ὃς
926 1051 965 1096 zu
995 1033 1156 1114 ergiingen
1185 1029 1229 1096 ist
1250 1028 1324 1114 (vgl.
1349 1051 1390 1095 zu
1416 1032 1453 1116 1,

185 1149 243 1226 10,
267 1151 324 1237 3.).
359 1148 417 1214 Bei
448 1147 552 1214 dieser
583 1145 821 1214 unzweifelhait
843 1147 1001 1232 riohtigen
1025 1146 1300 1233 Satzverbindung
1326 1168 1393 1214 war
1417 1169 1453 1216 es

182 1268 261 1334 aber
293 1266 423 1351 nethig,
460 1269 541 1332 stati
563 1265 620 1331 des
643 1264 740 1330 lunum
763 1286 801 1331 zu
825 1264 1038 1331 erklitrenden
1061 1263 1246 1347 πρόσφοροι
1267 1287 1307 1332 zu
1331 1265 1454 1333 sohrei-

182 1385 244 1452 ben
272 1384 483 1464 σρδσφοιοςι
519 1384 579 1469 vgl.
602 1383 673 1449 eine
696 1381 844 1450 iihnliohe
868 1382 1126 1469 Versohreibung
1148 1384 1206 1451 der
1227 1385 1368 1470 Endung
1395 1386 1453 1452 des

182 1503 253 1590 Adj.
279 1504 317 1590 3,
342 1505 403 1582 53,
428 1504 482 1569 2”.
506 1502 653 1570 Glasseui
676 1501 932 1570 emendationem
954 1502 1136 1569 testimonio
1152 1500 1321 1569 confirmat
1338 1501 1452 1570 Valla:

181 1621 264 1687 Nam
295 1621 453 1704 sagittarii
483 1619 634 1706 permulti
664 1626 761 1705 atque
788 1620 985 1705 jaculatores
1015 1621 1049 1685 in
1080 1639 1177 1686 naves
1200 1621 1395 1701 ascendent,
1420 1626 1452 1688 et

181 1745 292 1806 tanta
315 1740 505 1806 hominum
530 1737 752 1818 multitudo,
776 1743 917 1824 quanta,
942 1744 1123 1824 pugnantes
1147 1738 1276 1822 quidem
1297 1739 1332 1804 in
1346 1738 1451 1805 libero

181 1858 279 1943 mari,
304 1878 368 1924 non
391 1863 553 1924 uteremur
675 1855 733 1923 sed
755 1857 807 1922 hio
830 1855 967 1923 futura
994 1861 1054 1923 est
1076 1856 1189 1923 utilis
1211 1856 1304 1952 sqq”.

225 1977 301 2058 §3.
333 1975 421 2061 Vulg.
455 1974 574 2056 ηὕρηται
608 1975 633 2040 δ’
656 1977 725 2052 ἡμῖν
759 1972 824 2040 ὅσοι
857 1977 904 2050 μη
935 1976 1299 2059 σι’νσινοιιιιοηηεῖσθοιι,
1333 1972 1451 2058 quibus

182 2094 286 2179 verbis
309 2095 460 2163 inanibus
475 2095 621 2162 medetur
636 2094 663 2160 B
678 2093 796 2175 ηὸρητιοι
813 2094 838 2159 δ’
856 2098 925 2172 ἡμῖν
938 2093 1002 2160 ὅσοι
1026 2095 1094 2174 χρη
1116 2095 1450 2171 οὶντινοιυσηγῆσοιι.

182 2211 234 2280 Sio
265 2213 361 2280 etiam
393 2214 505 2282 Valla:
543 2214 821 2300 „Excogitavimus
851 2219 1020 2298 praeterea
1050 2212 1116 2279 alia
1144 2232 1227 2296 qnae
1258 2212 1292 2277 in
1315 2211 1450 2278 navibus

184 2330 385 2399 aedificanda
416 2331 540 2400 forent'’
563 2332 626 2399 nisi
649 2333 748 2413 forte,
777 2338 814 2399 nt
835 2337 931 2418 putat
953 2332 1083 2416 Poppe,
1108 2331 1187 2397 satis
1210 2337 1287 2415 apte
1311 2351 1332 2396 a
1354 2329 1449 2396 Valla

182 2450 279 2516 etiam
302 2473 360 2536 pro
382 2451 438 2516 ὅσοι
461 2451 628 2536 legebatur
650 2449 735 2516 ἄλλοι
758 2475 792 2516 τε
813 2449 886 2528 ὅσοι,
917 2448 1004 2534 quod
1027 2447 1259 2516 Herwerdenus
1274 2448 1308 2514 in
1324 2452 1450 2515 textum

183 2569 313 2653 recepit.

226 2691 247 2770 ξ
271 2689 301 2751 3.
332 2681 407 2768 ᾧπερ
437 2686 573 2762 μάλιστα
604 2686 836 2771 ἐβλασσόιοεθοι,
870 2685 985 2751 Bnon
1017 2684 1181 2770 eleganter
1212 2690 1287 2751 ante
1311 2683 1450 2761 μάλιστα

181 2803 259 2889 legit
289 2804 339 2890 δή,
364 2803 453 2870 ouius
480 2803 658 2887 particulae
683 2803 851 2888 vestigium
875 2809 1022 2887 superest
1045 2801 1167 2868 nullum
1191 2800 1278 2886 apud
1303 2801 1449 2886 Vallem,

181 2923 292 3006 quiin
315 2922 434 2988 talibus
457 2942 522 2988 non
545 2942 663 3006 magna
687 2943 759 2988 oum
782 2920 947 3006 diligentia
969 2926 1019 2987 est
1040 2926 1198 2987 versatus.

227 3040 302 3123 §4
333 3040 424 3124 Vulg.
454 3048 506 3115 σῆς
529 3048 587 3117 γῆς
707 3040 852 3116 πολεμίοις
876 3039 990 3114 οὔσης.
1036 3038 1169 3104 Praeter
1190 3037 1276 3113 οὔσης
1299 3038 1327 3104 Β
1350 3039 1449 3106 etiam

184 3157 313 3225 exhibet
341 3158 547 3241 perticipium
578 3156 722 3224 futurum
751 3157 936 3242 ἐσομένης,
971 3156 1056 3241 quod
1081 3155 1176 3223 Valla
1198 3176 1328 3240 quoque
1351 3156 1449 3224 vidit:

188 3297 305 3360 „quum
328 3281 414 3341 terra
436 3274 548 3341 futura
570 3275 612 3340 sit
634 3274 786 3341 hostilis''.
829 3272 936 3340 Habet
960 3272 1083 3358 aliquid
1106 3293 1169 3357 quo
1193 3293 1227 3340 se
1250 3275 1453 3341 commendet

184 3394 336 3470 ἕσοιςέιηςι
364 3392 530 3474 „omnibus
553 3392 673 3459 viribus
695 3400 857 3460 certamen
879 3393 1013 3472 ineatis,
1039 3393 1143 3476 inquit
1169 3392 1295 3478 Nicias,
1319 3413 1455 3461 neeesse

185 3519 251 3593 est,
283 3517 316 3577 et
349 3518 387 3577 ut
416 3531 519 3595 neque
550 3510 613 3596 ipsi
643 3511 684 3577 ab
714 3511 823 3577 hostili
855 3511 957 3577 classe
980 3510 1176 3594 resiliamus,
1207 3531 1312 3594 neque
1336 3512 1456 3580 illesa

184 3638 296 3698 nostre
328 3629 452 3696 resilire
485 3630 724 3715 permittamus,
759 3629 820 3695 hoo
854 3629 947 3695 nobis
982 3629 1059 3695 utile
1094 3649 1166 3695 esse
1194 3633 1341 3711 constat,
1377 3633 1456 3717 quia

185 3769 385 3833 quocumque
409 3747 585 3834 effugeritis
608 3749 641 3815 in
664 3749 813 3816 hostilem
835 3748 998 3833 regionem
1020 3748 1152 3815 venietis
1171 3749 1207 3834 1).
1487 3788 1496 3861 j

231 3985 336 4071 Caput
358 3986 401 4052 63
432 3990 453 4068 ξ
480 3988 508 4053 l.
541 3985 634 4070 Vulg.
666 3985 724 4067 χρη
840 3983 1045 4063 ξυμπεσούσης
1076 3983 1118 4059 νηὶ
1149 3984 1215 4056 νεὼς
1246 3985 1289 4063 μη
1320 3986 1455 4069 πρότερον
1480 3942 1488 4043 r¹

186 4103 283 4183 ἄξιοι
317 4104 494 4171 &nottestan
531 4106 547 4181 ἢ
582 4107 648 4178 σοὺς
682 4106 743 4170 alul
777 4111 827 4171 τοῦ
862 4103 1001 4183 πολεμίου
1035 4102 1288 4183 κοοτοοσσρώμοιτος
1325 4106 1473 4180 ὁπλίσας’

220 4375 248 4438 t)
266 4375 298 4425 cl.
316 4389 337 4424 c.
355 4372 388 4423 63
406 4373 418 4436 ἓ
436 4371 448 4422 1
468 4379 518 4434 χρὴ
534 4369 568 4432 μὴ
585 4368 723 4436 ἐξωθεῖσθαι
741 4374 765 4428 lc
782 4367 870 4426 αὐτην.
