3000 4920
739 274 784 342 95

176 509 199 601 §
223 511 253 578 3.
278 510 372 595 Vulg.
404 513 455 577 οὐκ
482 509 607 577 ἔλασσον
630 511 791 590 ἔχοντες.
825 508 1035 594 Participinm
1059 528 1212 594 praesens
1236 509 1400 576 stabilitur

57 609 208 696 locis
231 628 403 708 similibus,
428 629 540 713 quales
562 629 706 696 invenias
730 632 769 715 3,
793 627 832 709 5,
857 631 886 695 2.
909 628 947 714 4,
972 630 1032 716 25,
1050 631 1080 696 6.
1112 628 1260 696 Vaticani
1274 626 1398 708 σχοντεο

58 747 284 814 eorrectio
308 747 455 814 ducenda
477 753 534 815 esa
580 746 675 815 Valla
700 753 752 829 „et
774 768 875 833 quum
897 753 991 814 atrox
1014 753 1100 815 esset
1122 769 1232 834 pugna
1255 748 1395 833 navalis,

55 865 232 951 neque
254 866 288 932 in
311 887 351 935 sa
373 865 444 934 chii
467 871 565 951 acque
588 866 667 933 socii
689 865 797 933 forent
819 863 1013 934 inferiores’'.

172 986 253 1053 lbid.
276 987 369 1071 Vulg.
391 987 417 1052 oi
440 994 518 1066 Χῖον,
542 999 564 1052 Β
587 994 658 1052 Χῖον.

170 1105 278 1192 Caput
300 1107 343 1172 62
365 1103 390 1195 ξ
412 1108 443 1171 3.
478 1104 569 1191 Vulg.
602 1105 652 1171 καὶ
683 1107 720 1178 ὥς
750 1105 817 1171 οὔτε
848 1105 1045 1187 προσεχώρουν
1077 1104 1144 1172 οὔτε
1176 1105 1398 1188 προσβαλών

62 1213 247 1310 ἑδύνατο
283 1226 366 1292 ἑλεῖν.
405 1237 427 1290 Β
458 1225 664 1306 τροσβσὶνοον.
699 1223 836 1290 Omnino
871 1231 959 1291 recte
993 1222 1227 1292 Herwardenus
1262 1229 1396 1292 annotat

64 1346 212 1413 nelos
241 1343 457 1429 Thucydidem
488 1349 522 1409 et
551 1343 703 1428 aequales
734 1343 815 1409 scire
838 1342 999 1427 putuisse,
1022 1347 1096 1410 utra
1118 1343 1214 1410 lectio
1238 1348 1394 1428 praestet.

73 1457 295 1543 Quaestio,
320 1482 416 1547 quam
440 1461 541 1529 solvet
563 1482 671 1547 nemo,
695 1462 807 1548 oritur,
824 1463 995 1547 saspiusne
1011 1461 1261 1529 Strombichides
1277 1461 1392 1529 urbem

83 1587 263 1649 conatus
296 1581 339 1649 sit
373 1603 557 1667 expugnare
586 1603 628 1648 an
659 1582 757 1648 semel
788 1582 938 1666 repulsus
962 1581 1086 1649 abieris
1121 1581 1233 1648 Valla:
1270 1602 1395 1666 „neque

92 1701 366 1787 oppugnatione
389 1707 516 1769 tentata
538 1723 721 1787 expugnare
744 1704 883 1788 posset''.

167 1819 251 1887 Ibid.
274 1819 363 1905 Vulg.
388 1820 500 1895 Σηστὸν
522 1819 607 1887 πόλιν
630 1829 684 1896 τῆς
710 1821 898 1902 Χερσονήσου,
922 1819 955 1898 ἣν
976 1819 1058 1887 τότε
1081 1822 1175 1896 Μῆδον
1198 1819 1287 1903 εἶχον.
1327 1821 1393 1888 Alii

102 1933 200 2004 libri
223 1939 307 2016 τότε,
333 1938 388 2005 alii
410 1938 493 2019 τότε,
516 1944 553 2004 ut
568 1938 603 2004 B.
643 1938 902 2025 Uniuscuiusque
918 1960 995 2006 sane
1011 1945 1060 2006 est
1075 1939 1217 2024 proriae
1233 1938 1393 2024 corrigere

111 2059 216 2135 ποτε,
249 2057 337 2141 quod
359 2065 467 2124 tamen
490 2057 592 2124 iacias
615 2058 792 2124 carendum
815 2063 872 2126 esu
919 2058 1021 2124 Multo
1044 2058 1128 2124 enim
1152 2057 1279 2125 facilius
1302 2058 1398 2138 τότε,4

125 2175 213 2260 quod
250 2176 363 2243 lectori
402 2176 498 2260 paulo
536 2177 726 2262 imperitiori
760 2178 862 2244 nostri
895 2178 1060 2263 scriptoris
1094 2177 1221 2244 dicendi
1254 2176 1391 2243 rationis

127 2295 306 2361 necessario
329 2294 427 2362 debet
449 2295 548 2363 videri
571 2297 762 2377 absurdum,
786 2296 866 2364 abiit
886 2296 1006 2364 inridre
1023 2297 1280 2382 quaminvicom.
1304 2295 1391 2362 Nota

125 2433 221 2496 porro
254 2433 307 2480 ras
339 2419 388 2480 ast
419 2414 517 2480 etiam
547 2415 630 2482 libro
660 2416 693 2496 1,
727 2418 808 2498 101,
837 2417 868 2484 2.
891 2416 960 2482 τότε
983 2417 1024 2484 de
1047 2416 1223 2501 praeterito
1247 2421 1390 2498 tempore

124 2551 192 2597 csse
216 2538 407 2617 usurpatum
429 2533 527 2618 quod,
551 2532 626 2602 licet
649 2533 746 2601 fuerit
758 2534 870 2602 Vallae
885 2535 1038 2620 ignotum,
1052 2539 1161 2600 tamma
1175 2555 1241 2600 non
1254 2532 1388 2617 impedit

123 2650 290 2733 quominus
325 2670 397 2717 eum
427 2650 496 2716 τότε
526 2651 641 2719 vidisse
680 2653 842 2720 dicamus:
888 2651 1037 2733 ‚,Sestum
1168 2651 1386 2726 urbam

125 2774 320 2851 quamtum
344 2767 431 2833 Medi
455 2767 640 2836 tenebant”.

166 3005 272 3092 Caput
302 3007 350 3073 63
384 3005 408 3098 ξ
444 3008 472 3073 1.
518 3006 609 3092 Vulg.
643 3009 694 3072 Ἐν
725 3005 819 3086 τούτῳ
851 3004 877 3072 δ’
906 3007 931 3072 οἱ
961 3006 1024 3071 Χῖοί
1052 3030 1086 3071 τε
1120 3003 1386 3089 θαλασσοκράτορες

123 3129 238 3202 μᾶλλον
255 3123 393 3191 soom.
415 3124 443 3188 B
466 3124 585 3191 omittis
606 3126 635 3188 ἐν
657 3123 750 3204 τούτῳ
776 3123 824 3204 δέ,
847 3123 944 3190 verba
966 3123 1167 3201 necessaria,
1193 3144 1276 3208 quae
1299 3125 1386 3192 inve-

124 3243 251 3308 niuntur
288 3240 376 3326 apud
414 3241 560 3309 Vallem:
603 3241 750 3322 „Interea
772 3243 821 3307 'et
854 3238 925 3307 chii
960 3244 1122 3325 compotes
1152 3240 1251 3307 maris
1280 3240 1387 3310 effecti

123 3366 197 3428 suni
219 3359 352 3445 magis’'.

164 3478 246 3546 Ibid.
271 3478 365 3562 Vulg.
388 3478 544 3555 πυθόμενος
566 3479 607 3544 τοὶ
630 3476 708 3558 περὶ
731 3479 794 3552 τὴν
817 3477 1041 3559 ναυμαχίαν.
1075 3490 1098 3545 Β
1121 3478 1198 3559 τερ)
1221 3487 1283 3555 τῆς
1307 3503 1385 3547 ναν·

122 3596 276 3678 μανίας.
321 3595 476 3662 Neutrum
507 3594 726 3664 damnandum
748 3615 807 3679 par
830 3615 875 3662 sa.
911 3594 1057 3662 Vaticani
1079 3602 1186 3663 autem
1210 3598 1385 3666 auctoritas

122 3722 256 3802 augetur
289 3737 316 3782 c.
354 3714 395 3780 14
428 3713 453 3805 ξ
490 3716 521 3781 2.
557 3713 596 3782 cf.
625 3715 722 3782 etiam
753 3713 883 3792 11132,
911 3714 941 3781 3.
977 3713 1085 3781 Valla:
1117 3714 1250 3796 „audita
1276 3736 1385 3802 pugna

121 3831 259 3901 nasali''.

164 3950 242 4043 §a
277 3951 368 4035 Vulg.
401 3951 498 4026 ἐπειδὴ
531 3951 591 4034 γὰρ
621 3952 645 4016 οἱ
669 3951 732 4033 περὶ
756 3950 804 4016 τὸν
827 3949 998 4030 Πείσανδρον
1020 3948 1156 4031 πρέσβεις
1280 3953 1310 4022 ἐς
1331 3951 1385 4024 riv

120 4070 224 4149 Σοὶραον
248 4064 341 4145 ἦλθον,
373 4069 414 4134 τοὶ
436 4095 470 4135 τε
494 4073 523 4135 ἕν
547 4073 628 4151 αὐτῷ
650 4073 691 4153 τῷ
714 4069 917 4151 στρατεύμασι
939 4069 983 4134 ἔτι
1004 4068 1193 4149 βεβαιότερον
1214 4068 1384 4146 κατέλαβον

118 4188 170 4254 καὶ
195 4190 290 4254 αὐτῶν
313 4193 369 4253 τῶν
392 4190 517 4267 Σαμίων
540 4189 816 4272 προτρεψάντων
839 4188 920 4261 τοὺς
939 4189 1105 4261 δυνατοὺς
1124 4186 1210 4253 ὥστε
1230 4188 1383 4269 τενρῖοσθαν

117 4307 199 4387 μετα
230 4311 313 4388 σφῶν
340 4307 589 4392 carcamusas,
613 4305 719 4389 καίτερ
741 4309 1024 4380 ἕτανασταντες
1048 4306 1152 4379 αὐτοὺς
1175 4305 1316 4382 αλλήλοις
1337 4302 1385 4371 ἵνα
