3000 4920
710 284 753 351 23

105 490 321 614 ieri-potest,
351 533 389 594 ut
419 516 530 610 Valla,
563 527 617 612 qui
645 527 732 593 ratos
764 528 843 608 ἔχειν
874 527 1003 594 verterit
1028 527 1246 612 „superiorem
1270 514 1369 608 esse’',

108 653 237 713 πλεῖστον
271 646 351 728 ἔχειν
386 647 488 714 latine
531 646 653 712 dixerit
697 647 852 727 „maxime
885 649 1083 733 superiorem
1112 645 1210 728 esse'',
1240 666 1307 731 qua
1336 647 1369 712 in

79 738 83 769 ³
111 763 262 833 locutione
283 771 316 833 ot
337 764 525 850 superlativi
548 769 581 831 et
603 765 813 850 comparativi
835 765 924 832 notio
946 765 1092 832 inesset?

150 883 224 976 §d
253 885 346 973 Vulg.
371 890 399 960 ἐς
423 887 520 965 ὀλίγον
543 912 576 952 τε
599 887 648 952 καὶ
672 887 818 959 πάντας
842 889 871 960 ἐς
894 884 1004 972 ταύτό,
1028 899 1050 952 Β
1072 885 1205 952 πάντα.
1252 883 1368 954 Valla:

119 1004 199 1084 „illae
228 1027 318 1087 vero,
349 1005 382 1071 in
415 1011 539 1073 aretum
569 1006 722 1072 redactae
751 1025 862 1072 omnes
886 1009 919 1072 et
940 1006 975 1072 in
997 1005 1137 1072 eundum
1160 1004 1268 1072 locum
1289 1003 1369 1070 inci·

119 1122 246 1192 dentes''.
289 1127 340 1192 Ex
370 1124 528 1204 mnebris,
560 1125 676 1210 quibus
701 1125 999 1210 interpretationem
1023 1124 1118 1191 Valla
1140 1124 1368 1204 circumdedit,

118 1262 286 1328 expromere
309 1264 480 1330 possumus
502 1265 575 1311 eum
597 1249 683 1312 recte
706 1244 820 1330 legisse
843 1244 972 1318 πάντας.

155 1495 252 1583 Caput
281 1496 323 1563 37
356 1494 380 1587 ξ
412 1499 443 1565 1.
478 1496 568 1583 Vulg.
591 1504 744 1563 τοιαῦτα
766 1499 790 1562 οἱ
813 1498 981 1579 Συρακόσιοι
1005 1498 1321 1576 ἐπινοήσαντες,
1346 1510 1368 1563 Β

120 1620 213 1682 τοῦτο.
262 1614 374 1682 Valla:
414 1615 525 1697 „Talia
560 1614 754 1702 Syracusani
896 1615 1096 1684 commenti’'.
1143 1614 1282 1683 Difficile
1319 1622 1369 1684 est

123 1731 209 1820 dictu,
244 1739 351 1801 uuum
381 1738 525 1820 praestet
556 1735 703 1821 vulgata,
736 1756 757 1802 a
788 1736 912 1804 Stahlio
940 1741 1084 1822 retenta,
1109 1757 1152 1803 an
1174 1733 1369 1821 Vaticanus,

124 1872 200 1936 quem
228 1853 397 1922 Classenus
426 1859 459 1921 et
481 1854 717 1923 Herwordenus
740 1856 842 1923 secuti
865 1860 950 1923 sunt.
998 1855 1144 1939 Utraque
1169 1874 1249 1921 sane
1274 1853 1370 1921 lectio

125 1968 187 2038 torri
205 1978 318 2058 potet.
915 1962 919 1969 '

158 2087 226 2180 §2
247 2091 339 2178 Vulg.
363 2097 379 2171 ἧ
402 2095 604 2182 capraria,
628 2106 650 2160 Β
673 2096 893 2173 ννανντεία.

162 2209 232 2276 ibid.
262 2211 357 2298 Vulg.
390 2211 545 2291 ἐξέπλεον,
576 2225 598 2279 Β
630 2211 815 2290 ἕπεξέπαεον
845 2213 985 2298 rectius3
1007 2211 1068 2279 hoo
1091 2211 1217 2279 Vallam
1241 2231 1369 2297 quoque

129 2327 277 2398 reddidisse
313 2330 444 2416 opinor:
488 2331 583 2413 „Mox
622 2331 738 2399 deinde
776 2330 997 2418 Syracusanae
1034 2352 1131 2399 naves
1169 2330 1369 2416 socialssque

130 2447 346 2528 procedunt''.

162 2562 181 2656 ξ
199 2569 225 2634 3.
246 2567 336 2655 Vulg.
359 2570 383 2634 οἱ
406 2568 432 2634 δ’
456 2570 598 2645 Ἀθηναῖοι
719 2568 940 2652 οὶντεπεξῇοαν;
964 2571 1010 2638 sic
1033 2568 1144 2636 Valla:
1171 2569 1366 2650 „Athenien-

134 2681 193 2750 sium
211 2708 280 2754 vero
303 2686 386 2754 alii”.
433 2687 471 2752 ln
493 2699 516 2752 Β
538 2688 658 2754 rectius
682 2689 824 2765 Ἀθηναῖοι
849 2688 950 2756 abest.

163 2923 254 3012 Caput
275 2927 317 2994 38
341 2925 365 3018 ξ
391 2928 417 2994 l.
442 2927 534 3013 Vulg.
559 2926 744 3008 Συρακόσιον,
769 2939 791 2992 Β
816 2925 908 2994 addit
931 2925 1110 2993 articulum.

162 3039 182 3132 ξ
206 3047 232 3112 2.
261 3045 355 3131 Vulg.
385 3046 399 3110 d
428 3047 458 3112 δὲ
489 3046 595 3117 Νικίας
620 3045 681 3111 ἰδὼν
704 3046 859 3111 ἀντίπαλα
884 3054 936 3121 τῆς
962 3045 1136 3125 ναυμαχίαις
1158 3043 1368 3130 νενόμενοο,Β

133 3167 196 3228 raa
227 3171 300 3232 ante
337 3173 391 3240 τῆς
424 3167 539 3235 inserit
576 3165 634 3234 τοί.
680 3165 793 3233 Vallae
827 3166 996 3234 lectionem
1029 3185 1095 3232 non
1130 3164 1367 3250 cognoscimus:

135 3279 233 3359 „Nicias
255 3306 329 3352 vero
353 3305 487 3353 cernens
509 3285 582 3371 pari
605 3290 720 3352 eventu
741 3284 841 3352 fuisse
864 3282 1075 3371 pugnatum’'.

163 3520 252 3610 Caput
282 3527 326 3592 39
357 3522 382 3615 ξ
415 3527 443 3591 1.
476 3523 568 3609 vulg.
592 3534 644 3601 τῆς
671 3524 725 3602 μὲν
748 3524 821 3607 ὥρας
844 3524 1020 3607 πρότερον.
1044 3538 1066 3591 Β
1090 3527 1257 3613 πρωίτερον,
1282 3525 1368 3611 quod

131 3639 364 3714 adsentantiam
393 3647 554 3731 praestat3
587 3642 746 3728 graecitas
779 3642 923 3728 postulat
952 3643 1141 3730 πρῳαίτερον,
1174 3663 1195 3709 a
1222 3642 1368 3710 Bekkero

130 3763 290 3832 nsdtutum.
335 3761 431 3829 Valla
453 3761 553 3828 boner
579 3760 765 3846 „aliquanto
890 3762 1079 3830 maturius'’.

156 3880 225 3951 Ibid.
255 3882 347 3968 Vulg.
379 3885 411 3947 ei
441 3893 463 3946 B
494 3879 543 3944 aui
573 3880 846 3952 αντικαταοταντες
877 3889 945 3954 ταῖς
976 3881 1060 3948 vacui
1083 3880 1132 3946 τὸν
1155 3883 1243 3948 αὐτὸν
1266 3883 1368 3964 τρόπον

124 3997 191 4078 αὖθις.
233 4005 344 4072 Valla:
372 4008 425 4085 „et
448 4022 545 4087 quum
568 4002 681 4070 eodem
704 4023 767 4088 quo
790 4004 1080 4071 nudiustertius
1099 4002 1194 4071 modo
1295 4024 1367 4072 con-

121 4122 289 4191 sumant&
334 4120 448 4188 Vallae
477 4121 576 4206 igitur
605 4121 774 4189 lectionem
804 4120 889 4189 huna
918 4122 952 4187 in
979 4122 1109 4188 modum
1133 4122 1367 4190 constituamus

116 4260 231 4311 necesse
264 4245 330 4309 est:
365 4238 415 4306 καὶ
449 4239 722 4313 ἐπικαταστάντος
756 4249 823 4313 ταῖς
858 4239 940 4306 ναυσὶ
974 4239 1024 4305 τὸν
1057 4240 1145 4306 αὐτὸν
1180 4240 1365 4323 τρόπονκαὶ

113 4361 224 4452 rodas.
266 4361 385 4448 Nemo,
419 4361 567 4451 squidem
599 4360 711 4452 credo,
745 4360 828 4431 hanc
860 4361 1050 4448 scripturam
1084 4361 1223 4448 speciem
1247 4359 1367 4431 habere
