2962 4912
773 300 817 381 ia

162 556 238 635 μεθ’
267 553 309 619 ὧν
332 556 490 634 ἔμελλον
513 553 813 631 ξυνκινδυνεύειν.
860 551 962 618 Nemo
985 552 1087 618 nostri
1111 551 1281 637 scriptoris
1305 568 1440 635 operum

162 678 266 744 editor
297 677 337 743 de
368 677 526 744 Vaticano
557 675 725 761 probando
755 677 908 763 cogitarit
931 675 1085 743 Classeno
1110 682 1264 760 excepto,
1290 677 1346 760 qui
1371 675 1439 761 plu·

161 797 245 863 rima
273 796 414 881 perdidit
442 795 541 865 verba
570 797 605 862 in
637 795 840 863 defendenda
870 817 971 863 causa
1000 796 1193 882 desperata,
1221 803 1258 862 ut
1283 796 1383 863 etiam
1405 795 1439 861 in

162 915 329 1001 arguenda
352 918 513 983 sententia
534 915 723 1001 lectionem,
747 915 853 1000 qualis
875 915 982 982 estin
1003 914 1046 993 B,
1070 912 1222 982 subtilius
1237 914 1438 982 accuratius·

163 1057 225 1121 que
254 1056 326 1103 esse
357 1034 567 1102 elaboratam.
614 1035 717 1114 Quam
750 1040 858 1102 antem
887 1055 956 1100 rem
988 1035 1056 1102 viro
1087 1034 1182 1102 docto
1212 1055 1277 1101 non
1304 1033 1438 1101 cessisse

161 1155 311 1241 inspecta
333 1155 543 1223 annotatione
566 1155 701 1240 quisque
724 1154 825 1222 dabit.
861 1155 953 1220 Duae
976 1175 1028 1221 res
1051 1155 1085 1220 in
1101 1154 1128 1220 B
1145 1154 1329 1241 displicent.
1353 1152 1436 1232 Quid

162 1273 226 1341 sibi
247 1273 359 1343 volunt
380 1277 447 1354 μεθ’
471 1272 508 1340 ὧν
530 1274 655 1353 ἔμελλον
676 1273 923 1354 westwales?
956 1274 1126 1341 Pueriliter
1148 1295 1184 1341 se
1207 1273 1332 1341 habent
1342 1274 1436 1360 juxta

160 1393 243 1471 aaut
272 1399 389 1458 πολλῶν
419 1419 454 1459 τε
485 1395 623 1471 »ἀγαθῶν
652 1392 841 1475 ivamus!
882 1392 966 1472 Quid
994 1393 1079 1460 enim
1101 1392 1253 1461 fecissent
1276 1413 1341 1460 nna
1364 1414 1435 1460 oum

160 1512 271 1579 multis
295 1511 497 1598 fortibusque
520 1514 615 1580 sociis
637 1513 701 1580 illis
723 1513 796 1580 Chii
817 1513 880 1580 nisi
902 1512 993 1580 obire
1015 1512 1216 1598 periculum?
1250 1511 1435 1580 Sententiae

160 1631 258 1717 igitur
278 1631 431 1700 relativae
454 1632 544 1700 locus
567 1639 618 1699 est
639 1633 756 1698 nullus.
801 1631 934 1699 Accedit
955 1632 1062 1717 quod,
1093 1631 1287 1700 Vaticanum
1312 1632 1339 1699 si
1362 1652 1433 1717 pro-

161 1750 289 1829 bemus,
323 1750 478 1836 langueat
512 1750 588 1818 finis
621 1751 818 1839 sententiae,
852 1772 937 1836 qnae
964 1751 1100 1838 ¹omnino
1132 1750 1352 1839 perturbatur.
1398 1749 1434 1816 In

162 1868 293 1954 vulgata
314 1874 402 1936 recte
425 1891 464 1936 ex
488 1871 549 1936 οὐδὲ
573 1869 706 1952 πρότερον
728 1872 896 1950 ἐτόλμησαν
916 1872 1092 1947 ποιήσασθαι
1106 1870 1253 1956 pendent
1267 1869 1434 1956 sequentia

161 1988 211 2053 sal
235 1988 401 2062 Ἀθηναίους
424 2027 469 2037 -
492 1989 533 2054 τὰ
556 1988 728 2069 πράγματα
751 1988 813 2065 εἴη,
839 1989 989 2056 Vaticani
1012 1993 1120 2057 autem
1143 1988 1283 2057 lectione
1306 1994 1434 2074 recepta

161 2127 219 2174 our
249 2107 362 2173 addita
394 2108 458 2174 sint
484 2107 582 2175 verba
604 2129 705 2175 causa
727 2108 818 2175 nulla
839 2109 979 2194 amplius
1001 2114 1120 2176 exstat.
1166 2107 1228 2176 Oui
1250 2107 1434 2176 difficultati

161 2225 223 2292 hoc
253 2225 348 2293 modo
379 2226 501 2294 mederi
531 2232 666 2294 conatur
696 2227 886 2295 Classenus:
917 2228 1122 2316 „unmdglich
1143 2227 1289 2295 konnten
1312 2229 1358 2296 sie
1381 2227 1436 2295 aul

163 2345 223 2412 das
254 2345 421 2413 Eintreten
448 2346 536 2412 einer
558 2347 768 2414 veriinderten
790 2346 925 2413 Ansioht
946 2346 1000 2414 bei
1022 2346 1086 2414 den
1108 2346 1274 2414 Athonem
1298 2351 1432 2433 werten,

163 2466 301 2531 sondern
331 2486 367 2532 es
398 2466 442 2532 ist
470 2466 541 2533 eine
571 2486 653 2533 neue
682 2466 749 2532 und
773 2465 993 2552 selbstiindige
1015 2467 1236 2554 Bemerknng:
1260 2466 1331 2534 und
1353 2466 1433 2534 anch

162 2607 223 2652 von
255 2586 316 2651 den
346 2585 513 2652 Athonem
543 2585 682 2652 nahmen
713 2587 760 2652 sie
791 2587 851 2667 ab,
883 2586 960 2653 dass
983 2586 1062 2654 sie.’'
1108 2586 1173 2654 Sed
1197 2587 1279 2653 nihil
1302 2587 1435 2654 interest

162 2708 269 2770 uhum
299 2702 370 2771 chii
392 2704 606 2772 Athenienses
628 2705 717 2790 ipsos
741 2726 805 2772 non
827 2703 961 2772 infitiari
983 2727 1036 2772 res
1056 2726 1131 2773 suas
1147 2711 1223 2792 post
1238 2705 1434 2773 Siciliensem

162 2828 330 2908 acceptam
353 2822 478 2889 cladem
501 2845 572 2890 esse
596 2821 736 2891 afflictas
759 2825 967 2910 cognoverint
990 2846 1109 2912 neone,
1133 2826 1191 2892 sed
1210 2830 1247 2893 nt
1261 2824 1362 2893 verba
1376 2823 1432 2892 οὐδ’

161 2944 253 3016 αὐτὴν
276 2944 328 3017 τὴν
349 2942 516 3009 dederam
536 2943 668 3024 πρότερον
691 2943 860 3022 ἐτόλμησαν
883 2945 1057 3020 ποιήσασθαι
1081 2945 1116 3011 in
1139 2944 1322 3012 sententiae
1344 2944 1433 3012 initio

161 3062 269 3145 posita
301 3060 431 3146 docent,
467 3062 606 3147 scriptor
635 3062 774 3148 probare
805 3068 941 3130 conatur
970 3079 1013 3130 ne
1042 3063 1256 3131 delectionem
1287 3064 1431 3150 quidem,

160 3178 237 3246 licet
258 3179 396 3247 fortasse
419 3201 475 3248 eos
498 3180 560 3246 hac
578 3181 613 3247 in
629 3202 665 3247 re
681 3181 778 3265 paulo
794 3182 1029 3268 imprudentius
1046 3183 1151 3269 egisse
1168 3183 1241 3268 quis
1256 3184 1432 3269 putaverit,

161 3299 258 3366 Chios
289 3301 461 3379 statuisse,
494 3307 669 3385 antequam
699 3302 785 3387 apud
814 3302 904 3388 ipsos
927 3308 1093 3370 constaret
1114 3324 1180 3371 non
1203 3304 1309 3371 solum
1332 3305 1432 3372 socios

160 3439 277 3503 magno
308 3439 440 3486 numero
472 3440 580 3486 seeum
608 3420 685 3487 belli
714 3420 877 3487 fortunam
900 3421 1077 3507 periclitari
1100 3441 1171 3488 esse
1193 3427 1345 3506 paratos,
1370 3421 1425 3489 sed

160 3538 256 3603 etiam
277 3538 489 3606 Athenienses
511 3538 599 3624 ipsos
622 3538 781 3606 derebus
805 3538 977 3625 desperare
1000 3539 1074 3606 suis.

205 3654 287 3722 Ibid.
312 3654 403 3741 Vulg.
428 3657 474 3722 τὰ
496 3663 552 3722 τῶν
575 3659 748 3738 Ἀθηναίων,
771 3658 798 3722 Β
821 3658 940 3743 injuria
961 3656 1081 3724 omittit
1102 3655 1150 3722 soi.

204 3773 287 3839 Ibid.
310 3771 421 3856 Neque
444 3772 690 3855 {suarattaratae
713 3776 861 3863 vulgatae
884 3798 990 3863 neque
1005 3777 1157 3844 Vaticani
1171 3775 1424 3859 &accommodass-

159 3895 206 3959 θαι
234 3892 352 3978 placet.
393 3891 580 3978 Legundum
612 3899 659 3961 est
682 3896 926 3976 ἀναιρεθήσεσθαι.
973 3896 1053 3962 Cum
1075 3895 1291 3964 Herwerdeno
1314 3896 1423 3964 abesse

158 4013 254 4080 velim
277 4012 337 4092 ξυν,
362 4013 449 4098 quod
476 4036 493 4080 e
516 4012 700 4091 ξυνέγνωσαν
723 4036 834 4082 errore
856 4021 969 4082 natum
986 4014 1120 4081 videtur.
1144 4013 1254 4082 Valla:
1285 4015 1417 4098 „lore..

160 4140 197 4201 ut
219 4131 439 4201 everteretur.'’

203 4249 229 4342 ξ
251 4253 281 4319 6.
305 4249 398 4335 Vulg.
423 4247 478 4330 οὖν,
502 4262 524 4316 Β
547 4256 627 4328 γοῦν.
650 4251 815 4318 Bekkerus
834 4252 974 4318 correxit
988 4251 1022 4317 in
1037 4251 1062 4316 δ’
1077 4249 1132 4318 οὖν.
1154 4252 1250 4321 Valla
1268 4249 1472 4339 „Itaqus'⁹

205 4368 285 4439 Ibid.
309 4367 404 4455 Vulg.
425 4369 608 4455 Ἀθηναίους,
633 4368 660 4434 Β
684 4369 854 4438 articulum
876 4369 976 4439 addit
