<?xml version="1.0" encoding="UTF-8"?>
<!DOCTYPE html PUBLIC "-//W3C//DTD XHTML 1.0 Transitional//EN"
    "http://www.w3.org/TR/xhtml1/DTD/xhtml1-transitional.dtd">
<html xmlns="http://www.w3.org/1999/xhtml" xml:lang="en" lang="en">
 <head>
  <title>
</title>
<meta http-equiv="Content-Type" content="text/html;charset=utf-8" />
  <meta name='ocr-system' content='tesseract 3.04.00' />
  <meta name='ocr-capabilities' content='ocr_page ocr_carea ocr_par ocr_line ocrx_word'/>
</head>
<body>
  <div class='ocr_page' id='page_1' title='image "./dethucydidisvat01vallgoog_0110.png"; bbox 0 0 2962 4912; ppageno 0'>
   <div class='ocr_carea' id='block_1_1' title="bbox 685 321 726 391">
    <p class='ocr_par' dir='ltr' id='par_1_1' title="bbox 685 321 726 391">
     <span class='ocr_line' id='line_1_1' title="bbox 685 321 726 391; baseline 0.024 -1"><span class='ocrx_word' id='word_1_1' title='bbox 685 321 726 391; x_wconf 70' lang='lat'><strong>8?</strong></span> 
     </span>
    </p>
   </div>
   <div class='ocr_carea' id='block_1_2' title="bbox 51 562 1345 2796">
    <p class='ocr_par' dir='ltr' id='par_1_2' title="bbox 58 562 1339 770">
     <span class='ocr_line' id='line_1_2' title="bbox 61 562 1339 649; baseline 0 -21"><span class='ocrx_word' id='word_1_2' title='bbox 61 570 174 641; x_wconf 81' lang='grc' dir='ltr'><em>τοῦτο,</em></span> <span class='ocrx_word' id='word_1_3' title='bbox 203 570 373 649; x_wconf 88' lang='lat' dir='ltr'><strong>praeterea</strong></span> <span class='ocrx_word' id='word_1_4' title='bbox 401 566 434 630; x_wconf 90' lang='lat' dir='ltr'><strong>iu</strong></span> <span class='ocrx_word' id='word_1_5' title='bbox 466 565 529 631; x_wconf 91' lang='lat' dir='ltr'><strong>fine</strong></span> <span class='ocrx_word' id='word_1_6' title='bbox 561 566 682 631; x_wconf 88' lang='lat' dir='ltr'><strong>addens</strong></span> <span class='ocrx_word' id='word_1_7' title='bbox 706 562 784 640; x_wconf 82' lang='grc' dir='ltr'><em>ἦλίε.</em></span> <span class='ocrx_word' id='word_1_8' title='bbox 832 565 883 632; x_wconf 87' lang='lat' dir='ltr'><strong>Sic</strong></span> <span class='ocrx_word' id='word_1_9' title='bbox 907 572 939 632; x_wconf 86' lang='lat' dir='ltr'><strong>et</strong></span> <span class='ocrx_word' id='word_1_10' title='bbox 962 565 1073 633; x_wconf 88' lang='lat' dir='ltr'><strong>Valla:</strong></span> <span class='ocrx_word' id='word_1_11' title='bbox 1101 565 1209 645; x_wconf 82' lang='lat' dir='ltr'><strong>„Quae</strong></span> <span class='ocrx_word' id='word_1_12' title='bbox 1232 585 1283 629; x_wconf 86' lang='lat' dir='ltr'><strong>res</strong></span> <span class='ocrx_word' id='word_1_13' title='bbox 1306 564 1339 629; x_wconf 92' lang='lat' dir='ltr'><strong>in</strong></span> 
     </span>
     <span class='ocr_line' id='line_1_3' title="bbox 58 682 1142 770; baseline 0.003 -22"><span class='ocrx_word' id='word_1_14' title='bbox 58 685 213 751; x_wconf 79' lang='lat' dir='ltr'><strong>exercitu</strong></span> <span class='ocrx_word' id='word_1_15' title='bbox 237 684 376 770; x_wconf 88' lang='lat' dir='ltr'><strong>primum</strong></span> <span class='ocrx_word' id='word_1_16' title='bbox 399 686 540 768; x_wconf 80' lang='lat' dir='ltr'><strong>agitata,</strong></span> <span class='ocrx_word' id='word_1_17' title='bbox 565 706 638 752; x_wconf 87' lang='lat' dir='ltr'><strong>mox</strong></span> <span class='ocrx_word' id='word_1_18' title='bbox 660 685 748 751; x_wconf 86' lang='lat' dir='ltr'><strong>illinc</strong></span> <span class='ocrx_word' id='word_1_19' title='bbox 771 686 813 751; x_wconf 85' lang='lat' dir='ltr'><strong>ad</strong></span> <span class='ocrx_word' id='word_1_20' title='bbox 837 685 948 752; x_wconf 89' lang='lat' dir='ltr'><strong>urbem</strong></span> <span class='ocrx_word' id='word_1_21' title='bbox 971 682 1142 769; x_wconf 87' lang='lat' dir='ltr'><strong>pervasit’&#39;.</strong></span> 
     </span>
    </p>

    <p class='ocr_par' dir='ltr' id='par_1_3' title="bbox 51 803 1344 1248">
     <span class='ocr_line' id='line_1_4' title="bbox 126 803 1343 888; baseline -0.002 -19"><span class='ocrx_word' id='word_1_22' title='bbox 126 803 196 870; x_wconf 87' lang='lat' dir='ltr'><strong>Ibid.</strong></span> <span class='ocrx_word' id='word_1_23' title='bbox 219 803 310 888; x_wconf 85' lang='lat' dir='ltr'><strong>Vulg.</strong></span> <span class='ocrx_word' id='word_1_24' title='bbox 343 805 535 876; x_wconf 76' lang='grc' dir='ltr'><em>ὑποτείνοντες</em></span> <span class='ocrx_word' id='word_1_25' title='bbox 567 807 657 870; x_wconf 83' lang='grc' dir='ltr'><em>αὐτοῦ</em></span> <span class='ocrx_word' id='word_1_26' title='bbox 690 806 749 868; x_wconf 85' lang='grc' dir='ltr'><strong>καί</strong></span> <span class='ocrx_word' id='word_1_27' title='bbox 781 805 969 887; x_wconf 70' lang='grc' dir='ltr'><em>Τισσαφέρνη</em></span> <span class='ocrx_word' id='word_1_28' title='bbox 1002 805 1055 882; x_wconf 79' lang='grc' dir='ltr'><strong>μὲν</strong></span> <span class='ocrx_word' id='word_1_29' title='bbox 1087 809 1206 886; x_wconf 82' lang='grc' dir='ltr'><em>πρῶτον,</em></span> <span class='ocrx_word' id='word_1_30' title='bbox 1238 804 1343 868; x_wconf 80' lang='grc' dir='ltr'><em>ἔπειτα</em></span> 
     </span>
     <span class='ocr_line' id='line_1_5' title="bbox 51 921 1343 1009; baseline 0.003 -25"><span class='ocrx_word' id='word_1_31' title='bbox 51 921 173 988; x_wconf 78' lang='grc' dir='ltr'><em>δὲκαὶ</em></span> <span class='ocrx_word' id='word_1_32' title='bbox 194 923 327 1000; x_wconf 79' lang='grc' dir='ltr'><em>βασιλέα</em></span> <span class='ocrx_word' id='word_1_33' title='bbox 350 923 437 1006; x_wconf 82' lang='grc' dir='ltr'><em>Φίλον</em></span> <span class='ocrx_word' id='word_1_34' title='bbox 461 923 596 997; x_wconf 69' lang='grc' dir='ltr'><em>ποιήσειν.</em></span> <span class='ocrx_word' id='word_1_35' title='bbox 645 923 737 989; x_wconf 87' lang='lat' dir='ltr'>Prior</span> <span class='ocrx_word' id='word_1_36' title='bbox 758 924 811 988; x_wconf 89' lang='grc' dir='ltr'><strong>καί</strong></span> <span class='ocrx_word' id='word_1_37' title='bbox 818 973 828 1009; x_wconf 84' lang='lat'><strong>,</strong></span> <span class='ocrx_word' id='word_1_38' title='bbox 852 929 888 990; x_wconf 89' lang='lat' dir='ltr'><strong>ut</strong></span> <span class='ocrx_word' id='word_1_39' title='bbox 906 924 976 1007; x_wconf 90' lang='lat' dir='ltr'><strong>jam</strong></span> <span class='ocrx_word' id='word_1_40' title='bbox 999 925 1107 1002; x_wconf 78' lang='grc' dir='ltr'><em>πρῶτον</em></span> <span class='ocrx_word' id='word_1_41' title='bbox 1131 923 1252 1008; x_wconf 81' lang='lat' dir='ltr'><strong>arguit,</strong></span> <span class='ocrx_word' id='word_1_42' title='bbox 1276 922 1343 988; x_wconf 85' lang='lat' dir='ltr'><strong>tol-</strong></span> 
     </span>
     <span class='ocr_line' id='line_1_6' title="bbox 54 1040 1344 1127; baseline 0.002 -23"><span class='ocrx_word' id='word_1_43' title='bbox 54 1040 203 1109; x_wconf 85' lang='lat' dir='ltr'><strong>lendum</strong></span> <span class='ocrx_word' id='word_1_44' title='bbox 227 1047 279 1108; x_wconf 90' lang='lat' dir='ltr'><strong>est</strong></span> <span class='ocrx_word' id='word_1_45' title='bbox 301 1062 405 1125; x_wconf 88' lang='lat' dir='ltr'><strong>neque</strong></span> <span class='ocrx_word' id='word_1_46' title='bbox 428 1043 461 1107; x_wconf 90' lang='lat' dir='ltr'><strong>in</strong></span> <span class='ocrx_word' id='word_1_47' title='bbox 484 1041 512 1106; x_wconf 92' lang='lat' dir='ltr'><strong>B</strong></span> <span class='ocrx_word' id='word_1_48' title='bbox 536 1063 596 1109; x_wconf 87' lang='lat' dir='ltr'><strong>nee</strong></span> <span class='ocrx_word' id='word_1_49' title='bbox 618 1042 720 1127; x_wconf 83' lang='lat' dir='ltr'><strong>magis</strong></span> <span class='ocrx_word' id='word_1_50' title='bbox 744 1042 832 1127; x_wconf 91' lang='lat' dir='ltr'><strong>apud</strong></span> <span class='ocrx_word' id='word_1_51' title='bbox 855 1043 981 1110; x_wconf 90' lang='lat' dir='ltr'><strong>Vallam</strong></span> <span class='ocrx_word' id='word_1_52' title='bbox 1004 1048 1123 1110; x_wconf 88' lang='lat' dir='ltr'><strong>exstat:</strong></span> <span class='ocrx_word' id='word_1_53' title='bbox 1150 1043 1224 1123; x_wconf 86' lang='lat' dir='ltr'><strong>„illo</strong></span> <span class='ocrx_word' id='word_1_54' title='bbox 1248 1063 1344 1126; x_wconf 90' lang='lat' dir='ltr'><strong>spon·</strong></span> 
     </span>
     <span class='ocr_line' id='line_1_7' title="bbox 54 1159 1155 1248; baseline 0.004 -22"><span class='ocrx_word' id='word_1_55' title='bbox 54 1161 168 1228; x_wconf 82' lang='lat' dir='ltr'><strong>deute</strong></span> <span class='ocrx_word' id='word_1_56' title='bbox 190 1161 390 1228; x_wconf 88' lang='lat' dir='ltr'><strong>redditurum</strong></span> <span class='ocrx_word' id='word_1_57' title='bbox 414 1184 448 1228; x_wconf 89' lang='lat' dir='ltr'><strong>se</strong></span> <span class='ocrx_word' id='word_1_58' title='bbox 470 1161 533 1228; x_wconf 90' lang='lat' dir='ltr'><strong>illis</strong></span> <span class='ocrx_word' id='word_1_59' title='bbox 557 1162 695 1228; x_wconf 83' lang='lat' dir='ltr'><strong>amicum</strong></span> <span class='ocrx_word' id='word_1_60' title='bbox 718 1159 967 1248; x_wconf 83' lang='lat' dir='ltr'><strong>Tissaphernem</strong></span> <span class='ocrx_word' id='word_1_61' title='bbox 990 1162 1155 1248; x_wconf 90' lang='lat' dir='ltr'><strong>primum.‘&#39;</strong></span> 
     </span>
    </p>

    <p class='ocr_par' dir='ltr' id='par_1_4' title="bbox 54 1277 1345 2443">
     <span class='ocr_line' id='line_1_8' title="bbox 125 1277 1343 1366; baseline -0.001 -20"><span class='ocrx_word' id='word_1_62' title='bbox 125 1281 197 1347; x_wconf 91' lang='lat' dir='ltr'><strong>Ibid.</strong></span> <span class='ocrx_word' id='word_1_63' title='bbox 220 1282 313 1366; x_wconf 73' lang='lat' dir='ltr'><strong>Vulg·</strong></span> <span class='ocrx_word' id='word_1_64' title='bbox 347 1283 462 1354; x_wconf 75' lang='grc' dir='ltr'><em>πολλὰς</em></span> <span class='ocrx_word' id='word_1_65' title='bbox 486 1282 609 1354; x_wconf 75' lang='grc' dir='ltr'><em>ἐλπίδας</em></span> <span class='ocrx_word' id='word_1_66' title='bbox 632 1277 713 1362; x_wconf 79' lang='grc' dir='ltr'><em>εἶχον</em></span> <span class='ocrx_word' id='word_1_67' title='bbox 736 1283 841 1347; x_wconf 86' lang='grc' dir='ltr'><em>αὐτοί</em></span> <span class='ocrx_word' id='word_1_68' title='bbox 863 1308 901 1348; x_wconf 91' lang='grc' dir='ltr'><strong>τε</strong></span> <span class='ocrx_word' id='word_1_69' title='bbox 925 1285 1047 1355; x_wconf 79' lang='grc' dir='ltr'><em>αὐτοῖς</em></span> <span class='ocrx_word' id='word_1_70' title='bbox 1070 1284 1094 1347; x_wconf 88' lang='grc' dir='ltr'><strong>σί</strong></span> <span class='ocrx_word' id='word_1_71' title='bbox 1117 1281 1259 1348; x_wconf 79' lang='grc' dir='ltr'><em>δυνατοί</em></span> <span class='ocrx_word' id='word_1_72' title='bbox 1287 1287 1343 1346; x_wconf 79' lang='grc' dir='ltr'><strong>τῶν</strong></span> 
     </span>
     <span class='ocr_line' id='line_1_9' title="bbox 54 1399 1342 1484; baseline 0.004 -23"><span class='ocrx_word' id='word_1_73' title='bbox 54 1407 196 1466; x_wconf 79' lang='grc' dir='ltr'><em>πολιτῶν</em></span> <span class='ocrx_word' id='word_1_74' title='bbox 225 1401 266 1466; x_wconf 81' lang='grc' dir='ltr'><strong>τίς</strong></span> <span class='ocrx_word' id='word_1_75' title='bbox 299 1401 472 1479; x_wconf 76' lang='grc' dir='ltr'><em>πρσίγαατα</em></span> <span class='ocrx_word' id='word_1_76' title='bbox 605 1402 635 1473; x_wconf 83' lang='grc' dir='ltr'><strong>ἐς</strong></span> <span class='ocrx_word' id='word_1_77' title='bbox 658 1401 763 1474; x_wconf 78' lang='grc' dir='ltr'><em>αὐτοὺς</em></span> <span class='ocrx_word' id='word_1_78' title='bbox 786 1403 986 1484; x_wconf 70' lang='grc' dir='ltr'><em>περιποιήσειν.</em></span> <span class='ocrx_word' id='word_1_79' title='bbox 1021 1402 1169 1469; x_wconf 81' lang='lat' dir='ltr'><strong>Vaticani</strong></span> <span class='ocrx_word' id='word_1_80' title='bbox 1193 1402 1294 1466; x_wconf 82' lang='grc' dir='ltr'><em>αὐτοί</em></span> <span class='ocrx_word' id='word_1_81' title='bbox 1317 1399 1342 1466; x_wconf 75' lang='grc' dir='ltr'><strong>θ’</strong></span> 
     </span>
     <span class='ocr_line' id='line_1_10' title="bbox 58 1517 1343 1609; baseline 0.005 -31"><span class='ocrx_word' id='word_1_82' title='bbox 58 1517 211 1592; x_wconf 75' lang='grc' dir='ltr'><strong>ἑαυτοῖς</strong></span> <span class='ocrx_word' id='word_1_83' title='bbox 245 1525 391 1604; x_wconf 78' lang='lat' dir='ltr'><strong>praestat</strong></span> <span class='ocrx_word' id='word_1_84' title='bbox 424 1520 583 1604; x_wconf 83' lang='lat' dir='ltr'><strong>vulgatae.</strong></span> <span class='ocrx_word' id='word_1_85' title='bbox 631 1519 750 1586; x_wconf 89' lang='lat' dir='ltr'><strong>Dubito</strong></span> <span class='ocrx_word' id='word_1_86' title='bbox 773 1526 882 1588; x_wconf 89' lang='lat' dir='ltr'><strong>tamen</strong></span> <span class='ocrx_word' id='word_1_87' title='bbox 906 1544 1012 1589; x_wconf 90' lang='lat' dir='ltr'><strong>annon</strong></span> <span class='ocrx_word' id='word_1_88' title='bbox 1032 1523 1106 1609; x_wconf 86' lang='lat' dir='ltr'><strong>jure</strong></span> <span class='ocrx_word' id='word_1_89' title='bbox 1129 1522 1343 1589; x_wconf 84' lang='lat' dir='ltr'><strong>Classeuuse</strong></span> 
     </span>
     <span class='ocr_line' id='line_1_11' title="bbox 54 1633 1342 1725; baseline 0.003 -26"><span class='ocrx_word' id='word_1_90' title='bbox 54 1633 108 1699; x_wconf 93' lang='lat' dir='ltr'><strong>B</strong></span> <span class='ocrx_word' id='word_1_91' title='bbox 137 1640 343 1724; x_wconf 86' lang='lat' dir='ltr'><strong>assumpserit</strong></span> <span class='ocrx_word' id='word_1_92' title='bbox 373 1638 587 1717; x_wconf 75' lang='grc' dir='ltr'><em>δυνατώτατοι,</em></span> <span class='ocrx_word' id='word_1_93' title='bbox 619 1639 706 1723; x_wconf 90' lang='lat' dir='ltr'><strong>quod</strong></span> <span class='ocrx_word' id='word_1_94' title='bbox 739 1659 804 1705; x_wconf 89' lang='lat' dir='ltr'><strong>non</strong></span> <span class='ocrx_word' id='word_1_95' title='bbox 834 1640 912 1707; x_wconf 91' lang='lat' dir='ltr'><strong>vidit</strong></span> <span class='ocrx_word' id='word_1_96' title='bbox 942 1640 1053 1725; x_wconf 90' lang='lat' dir='ltr'><strong>Valla,</strong></span> <span class='ocrx_word' id='word_1_97' title='bbox 1085 1642 1140 1725; x_wconf 88' lang='lat' dir='ltr'><strong>qui</strong></span> <span class='ocrx_word' id='word_1_98' title='bbox 1163 1640 1269 1723; x_wconf 87' lang='lat' dir='ltr'><strong>eapite</strong></span> <span class='ocrx_word' id='word_1_99' title='bbox 1293 1661 1342 1704; x_wconf 89' lang='lat' dir='ltr'><strong>su·</strong></span> 
     </span>
     <span class='ocr_line' id='line_1_12' title="bbox 56 1756 1344 1844; baseline 0.002 -23"><span class='ocrx_word' id='word_1_100' title='bbox 56 1757 197 1835; x_wconf 81' lang='lat' dir='ltr'><strong>periore</strong></span> <span class='ocrx_word' id='word_1_101' title='bbox 232 1759 282 1824; x_wconf 88' lang='lat' dir='ltr'><strong>bis</strong></span> <span class='ocrx_word' id='word_1_102' title='bbox 317 1759 549 1844; x_wconf 85' lang='lat' dir='ltr'><strong>superlativum</strong></span> <span class='ocrx_word' id='word_1_103' title='bbox 579 1758 814 1843; x_wconf 88' lang='lat' dir='ltr'><strong>interpretatus</strong></span> <span class='ocrx_word' id='word_1_104' title='bbox 846 1766 911 1840; x_wconf 89' lang='lat' dir='ltr'><strong>est,</strong></span> <span class='ocrx_word' id='word_1_105' title='bbox 949 1756 1201 1844; x_wconf 85' lang='lat' dir='ltr'><strong>„potentissimi”</strong></span> <span class='ocrx_word' id='word_1_106' title='bbox 1233 1763 1344 1825; x_wconf 88' lang='lat' dir='ltr'><strong>nostro</strong></span> 
     </span>
     <span class='ocr_line' id='line_1_13' title="bbox 58 1876 1344 1963; baseline 0.006 -27"><span class='ocrx_word' id='word_1_107' title='bbox 58 1881 181 1942; x_wconf 80' lang='lat' dir='ltr'><strong>autem</strong></span> <span class='ocrx_word' id='word_1_108' title='bbox 204 1876 275 1944; x_wconf 87' lang='lat' dir='ltr'><strong>loeo</strong></span> <span class='ocrx_word' id='word_1_109' title='bbox 302 1876 485 1962; x_wconf 83' lang='lat' dir='ltr'><strong>„prinsipes</strong></span> <span class='ocrx_word' id='word_1_110' title='bbox 508 1876 675 1943; x_wconf 83' lang='lat' dir='ltr'><strong>eivitatis&#39;&#39;.</strong></span> <span class='ocrx_word' id='word_1_111' title='bbox 712 1877 862 1956; x_wconf 82' lang='lat' dir='ltr'><strong>Quaestio</strong></span> <span class='ocrx_word' id='word_1_112' title='bbox 886 1884 937 1945; x_wconf 87' lang='lat' dir='ltr'><strong>est</strong></span> <span class='ocrx_word' id='word_1_113' title='bbox 958 1884 1065 1945; x_wconf 89' lang='lat' dir='ltr'><strong>utrum</strong></span> <span class='ocrx_word' id='word_1_114' title='bbox 1088 1878 1128 1946; x_wconf 94' lang='lat' dir='ltr'><strong>de</strong></span> <span class='ocrx_word' id='word_1_115' title='bbox 1151 1877 1344 1963; x_wconf 90' lang='lat' dir='ltr'><strong>primoribus</strong></span> 
     </span>
     <span class='ocr_line' id='line_1_14' title="bbox 58 1994 1344 2083; baseline 0.002 -24"><span class='ocrx_word' id='word_1_116' title='bbox 58 1994 211 2065; x_wconf 78' lang='lat' dir='ltr'><strong>civitatis</strong></span> <span class='ocrx_word' id='word_1_117' title='bbox 243 1998 265 2065; x_wconf 90' lang='lat' dir='ltr'><strong>i.</strong></span> <span class='ocrx_word' id='word_1_118' title='bbox 297 2019 323 2064; x_wconf 89' lang='lat' dir='ltr'><strong>e.</strong></span> <span class='ocrx_word' id='word_1_119' title='bbox 355 1997 396 2064; x_wconf 92' lang='lat' dir='ltr'><strong>de</strong></span> <span class='ocrx_word' id='word_1_120' title='bbox 426 2004 478 2071; x_wconf 77' lang='grc' dir='ltr'><strong>τῆς</strong></span> <span class='ocrx_word' id='word_1_121' title='bbox 509 1999 688 2078; x_wconf 69' lang='grc' dir='ltr'><em>ὀλιγαρχίας</em></span> <span class='ocrx_word' id='word_1_122' title='bbox 712 1996 923 2083; x_wconf 82' lang='lat' dir='ltr'><strong>participibus</strong></span> <span class='ocrx_word' id='word_1_123' title='bbox 946 1997 1098 2082; x_wconf 89' lang='lat' dir='ltr'><strong>loquatur</strong></span> <span class='ocrx_word' id='word_1_124' title='bbox 1121 1998 1258 2083; x_wconf 85' lang='lat' dir='ltr'><strong>scriptor</strong></span> <span class='ocrx_word' id='word_1_125' title='bbox 1282 2019 1344 2081; x_wconf 84' lang='lat' dir='ltr'><strong>an,</strong></span> 
     </span>
     <span class='ocr_line' id='line_1_15' title="bbox 67 2097 1345 2203; baseline 0.001 -22"><span class='ocrx_word' id='word_1_126' title='bbox 67 2117 168 2197; x_wconf 78' lang='lat' dir='ltr'><strong>quoe</strong></span> <span class='ocrx_word' id='word_1_127' title='bbox 190 2118 296 2185; x_wconf 73' lang='lat' dir='ltr'><strong>minus</strong></span> <span class='ocrx_word' id='word_1_128' title='bbox 318 2097 487 2184; x_wconf 71' lang='lat' dir='ltr'><strong>verisimile</strong></span> <span class='ocrx_word' id='word_1_129' title='bbox 511 2122 577 2203; x_wconf 71' lang='lat' dir='ltr'><strong>est,</strong></span> <span class='ocrx_word' id='word_1_130' title='bbox 602 2118 641 2184; x_wconf 71' lang='lat' dir='ltr'><strong>ue</strong></span> <span class='ocrx_word' id='word_1_131' title='bbox 663 2117 727 2185; x_wconf 71' lang='lat' dir='ltr'><strong>irus</strong></span> <span class='ocrx_word' id='word_1_132' title='bbox 750 2117 923 2203; x_wconf 58' lang='grc' dir='ltr'><strong>(ναρρατ.</strong></span> <span class='ocrx_word' id='word_1_133' title='bbox 946 2120 1049 2201; x_wconf 69' lang='grc' dir='ltr'><strong>τινες),</strong></span> <span class='ocrx_word' id='word_1_134' title='bbox 1072 2118 1127 2202; x_wconf 78' lang='lat' dir='ltr'><strong>qur</strong></span> <span class='ocrx_word' id='word_1_135' title='bbox 1145 2117 1345 2183; x_wconf 65' lang='lat' dir='ltr'><strong>meruissem</strong></span> 
     </span>
     <span class='ocr_line' id='line_1_16' title="bbox 56 2233 1345 2322; baseline 0 -20"><span class='ocrx_word' id='word_1_136' title='bbox 56 2233 226 2304; x_wconf 73' lang='lat' dir='ltr'><strong>adissent</strong></span> <span class='ocrx_word' id='word_1_137' title='bbox 273 2236 383 2302; x_wconf 88' lang='lat' dir='ltr'><strong>Sermo</strong></span> <span class='ocrx_word' id='word_1_138' title='bbox 414 2236 498 2302; x_wconf 89' lang='lat' dir='ltr'><strong>enim</strong></span> <span class='ocrx_word' id='word_1_139' title='bbox 527 2235 623 2303; x_wconf 89' lang='lat' dir='ltr'><strong>modo</strong></span> <span class='ocrx_word' id='word_1_140' title='bbox 646 2240 753 2320; x_wconf 85' lang='lat' dir='ltr'><strong>potest</strong></span> <span class='ocrx_word' id='word_1_141' title='bbox 776 2257 845 2303; x_wconf 88' lang='lat' dir='ltr'><strong>esse</strong></span> <span class='ocrx_word' id='word_1_142' title='bbox 869 2236 910 2303; x_wconf 90' lang='lat' dir='ltr'><strong>de</strong></span> <span class='ocrx_word' id='word_1_143' title='bbox 933 2236 1108 2322; x_wconf 84' lang='lat' dir='ltr'><strong>eligarehia</strong></span> <span class='ocrx_word' id='word_1_144' title='bbox 1130 2236 1345 2304; x_wconf 88' lang='lat' dir='ltr'><strong>instauranda</strong></span> 
     </span>
     <span class='ocr_line' id='line_1_17' title="bbox 60 2351 651 2443; baseline 0.007 -26"><span class='ocrx_word' id='word_1_145' title='bbox 60 2351 163 2420; x_wconf 56' lang='lat'><strong>013</strong></span> <span class='ocrx_word' id='word_1_146' title='bbox 186 2354 240 2440; x_wconf 77' lang='lat' dir='ltr'><strong>(ef.</strong></span> <span class='ocrx_word' id='word_1_147' title='bbox 263 2376 290 2420; x_wconf 84' lang='grc' dir='ltr'><strong>ο.</strong></span> <span class='ocrx_word' id='word_1_148' title='bbox 314 2355 356 2420; x_wconf 80' lang='lat'><strong>21</strong></span> <span class='ocrx_word' id='word_1_149' title='bbox 381 2353 405 2443; x_wconf 64' lang='grc' dir='ltr'>ξ</span> <span class='ocrx_word' id='word_1_150' title='bbox 424 2356 441 2418; x_wconf 92' lang='lat'>1</span> <span class='ocrx_word' id='word_1_151' title='bbox 466 2355 491 2419; x_wconf 85' lang='lat' dir='ltr'><strong>ri</strong></span> <span class='ocrx_word' id='word_1_152' title='bbox 515 2355 651 2435; x_wconf 79' lang='grc' dir='ltr'><em>δυνατοί).</em></span> 
     </span>
    </p>

    <p class='ocr_par' dir='ltr' id='par_1_5' title="bbox 52 2472 1345 2796">
     <span class='ocr_line' id='line_1_18' title="bbox 127 2472 1345 2559; baseline 0 -21"><span class='ocrx_word' id='word_1_153' title='bbox 127 2476 144 2554; x_wconf 65' lang='lat'><strong>5</strong></span> <span class='ocrx_word' id='word_1_154' title='bbox 165 2475 196 2538; x_wconf 81' lang='grc'><strong>2.</strong></span> <span class='ocrx_word' id='word_1_155' title='bbox 221 2473 314 2559; x_wconf 81' lang='lat' dir='ltr'><strong>Vulg.</strong></span> <span class='ocrx_word' id='word_1_156' title='bbox 337 2472 516 2550; x_wconf 79' lang='grc' dir='ltr'><em>ξυνίστασσίν</em></span> <span class='ocrx_word' id='word_1_157' title='bbox 539 2498 574 2538; x_wconf 86' lang='grc' dir='ltr'><strong>τε</strong></span> <span class='ocrx_word' id='word_1_158' title='bbox 592 2521 599 2537; x_wconf 93' lang='grc'><em>.</em></span> <span class='ocrx_word' id='word_1_159' title='bbox 615 2521 621 2536; x_wconf 92' lang='grc'><em>.</em></span> <span class='ocrx_word' id='word_1_160' title='bbox 637 2521 666 2537; x_wconf 89' lang='grc'><strong>..</strong></span> <span class='ocrx_word' id='word_1_161' title='bbox 689 2473 756 2544; x_wconf 83' lang='grc' dir='ltr'><em>τοὺς</em></span> <span class='ocrx_word' id='word_1_162' title='bbox 780 2473 953 2548; x_wconf 73' lang='grc' dir='ltr'><em>ἐπιτηδείους</em></span> <span class='ocrx_word' id='word_1_163' title='bbox 970 2475 998 2546; x_wconf 79' lang='grc' dir='ltr'><strong>ἒς</strong></span> <span class='ocrx_word' id='word_1_164' title='bbox 1013 2473 1194 2550; x_wconf 77' lang='grc' dir='ltr'><em>ξυνωμοσίαν</em></span> <span class='ocrx_word' id='word_1_165' title='bbox 1212 2473 1345 2546; x_wconf 80' lang='grc' dir='ltr'><em>καὶτοὺς</em></span> 
     </span>
     <span class='ocr_line' id='line_1_19' title="bbox 52 2592 1345 2678; baseline 0.002 -24"><span class='ocrx_word' id='word_1_166' title='bbox 52 2592 200 2664; x_wconf 61' lang='grc' dir='ltr'><strong>7Γολιλοίνς</strong></span> <span class='ocrx_word' id='word_1_167' title='bbox 232 2598 364 2675; x_wconf 77' lang='grc' dir='ltr'><strong>φανερῶς</strong></span> <span class='ocrx_word' id='word_1_168' title='bbox 396 2593 508 2669; x_wconf 77' lang='grc' dir='ltr'><em>ἔλεγον.</em></span> <span class='ocrx_word' id='word_1_169' title='bbox 554 2592 723 2658; x_wconf 85' lang='lat' dir='ltr'><strong>Brectius</strong></span> <span class='ocrx_word' id='word_1_170' title='bbox 748 2594 776 2664; x_wconf 83' lang='grc' dir='ltr'><strong>ἐς</strong></span> <span class='ocrx_word' id='word_1_171' title='bbox 799 2592 866 2663; x_wconf 86' lang='grc' dir='ltr'><em>τοὺς</em></span> <span class='ocrx_word' id='word_1_172' title='bbox 889 2593 1023 2666; x_wconf 80' lang='grc' dir='ltr'><em>πολλοὺς.</em></span> <span class='ocrx_word' id='word_1_173' title='bbox 1070 2592 1154 2658; x_wconf 89' lang='lat' dir='ltr'><strong>Nihil</strong></span> <span class='ocrx_word' id='word_1_174' title='bbox 1180 2594 1283 2678; x_wconf 87' lang='lat' dir='ltr'><strong>liquet</strong></span> <span class='ocrx_word' id='word_1_175' title='bbox 1305 2615 1345 2659; x_wconf 85' lang='lat' dir='ltr'><strong>ex</strong></span> 
     </span>
     <span class='ocr_line' id='line_1_20' title="bbox 52 2695 908 2796; baseline -0.002 -21"><span class='ocrx_word' id='word_1_176' title='bbox 52 2695 185 2779; x_wconf 84' lang='lat' dir='ltr'><strong>Valla:</strong></span> <span class='ocrx_word' id='word_1_177' title='bbox 212 2711 322 2796; x_wconf 90' lang='lat' dir='ltr'><strong>„apud</strong></span> <span class='ocrx_word' id='word_1_178' title='bbox 344 2710 581 2776; x_wconf 85' lang='lat' dir='ltr'><strong>multitudinem</strong></span> <span class='ocrx_word' id='word_1_179' title='bbox 605 2709 713 2793; x_wconf 92' lang='lat' dir='ltr'><strong>palam</strong></span> <span class='ocrx_word' id='word_1_180' title='bbox 737 2708 908 2776; x_wconf 86' lang='lat' dir='ltr'><strong>dieentes.&#39;&#39;</strong></span> 
     </span>
    </p>
   </div>
   <div class='ocr_carea' id='block_1_3' title="bbox 48 2825 1347 3508">
    <p class='ocr_par' dir='ltr' id='par_1_6' title="bbox 48 2825 1347 3270">
     <span class='ocr_line' id='line_1_21' title="bbox 125 2825 1344 2918; baseline 0.002 -23"><span class='ocrx_word' id='word_1_181' title='bbox 125 2825 198 2918; x_wconf 61' lang='lat' dir='ltr'><strong>§ia</strong></span> <span class='ocrx_word' id='word_1_182' title='bbox 234 2828 327 2912; x_wconf 82' lang='lat' dir='ltr'><strong>Vulg.</strong></span> <span class='ocrx_word' id='word_1_183' title='bbox 358 2828 408 2893; x_wconf 81' lang='grc' dir='ltr'><strong>καί</strong></span> <span class='ocrx_word' id='word_1_184' title='bbox 433 2829 452 2893; x_wconf 80' lang='lat' dir='ltr'><strong>u‘</strong></span> <span class='ocrx_word' id='word_1_185' title='bbox 483 2828 537 2904; x_wconf 78' lang='grc' dir='ltr'><strong>μὲν</strong></span> <span class='ocrx_word' id='word_1_186' title='bbox 567 2827 656 2908; x_wconf 79' lang='grc' dir='ltr'><em>ίχλος</em></span> <span class='ocrx_word' id='word_1_187' title='bbox 797 2828 844 2893; x_wconf 77' lang='grc' dir='ltr'><strong>δνσὶ</strong></span> <span class='ocrx_word' id='word_1_188' title='bbox 871 2828 904 2892; x_wconf 79' lang='grc' dir='ltr'><strong>τὸ</strong></span> <span class='ocrx_word' id='word_1_189' title='bbox 927 2827 1042 2906; x_wconf 80' lang='grc' dir='ltr'><em>εὔπορον</em></span> <span class='ocrx_word' id='word_1_190' title='bbox 1064 2837 1118 2904; x_wconf 74' lang='grc' dir='ltr'><strong>τῆς</strong></span> <span class='ocrx_word' id='word_1_191' title='bbox 1141 2830 1257 2903; x_wconf 76' lang='grc' dir='ltr'><em>ἐλπίδος</em></span> <span class='ocrx_word' id='word_1_192' title='bbox 1281 2837 1344 2897; x_wconf 81' lang='grc' dir='ltr'><strong>τοῦ</strong></span> 
     </span>
     <span class='ocr_line' id='line_1_22' title="bbox 48 2937 1347 3032; baseline 0.005 -23"><span class='ocrx_word' id='word_1_193' title='bbox 48 2937 254 3020; x_wconf 73' lang='grc' dir='ltr'><strong>Βασιλέως</strong></span> <span class='ocrx_word' id='word_1_194' title='bbox 285 2949 411 3023; x_wconf 78' lang='grc' dir='ltr'><em>μισθοῦ</em></span> <span class='ocrx_word' id='word_1_195' title='bbox 445 2945 603 3027; x_wconf 73' lang='grc' dir='ltr'><em>ἧσοχαζεν.</em></span> <span class='ocrx_word' id='word_1_196' title='bbox 651 2946 855 3032; x_wconf 84' lang='lat' dir='ltr'><strong>Bmajorem</strong></span> <span class='ocrx_word' id='word_1_197' title='bbox 887 2947 1026 3031; x_wconf 84' lang='lat' dir='ltr'><strong>speciem</strong></span> <span class='ocrx_word' id='word_1_198' title='bbox 1048 2947 1165 3016; x_wconf 81' lang='lat' dir='ltr'><strong>hahet:</strong></span> <span class='ocrx_word' id='word_1_199' title='bbox 1190 2955 1240 3015; x_wconf 80' lang='grc' dir='ltr'><strong>τοῦ</strong></span> <span class='ocrx_word' id='word_1_200' title='bbox 1264 2952 1347 3028; x_wconf 77' lang='grc' dir='ltr'><em>παρα</em></span> 
     </span>
     <span class='ocr_line' id='line_1_23' title="bbox 51 3057 1346 3151; baseline 0.005 -23"><span class='ocrx_word' id='word_1_201' title='bbox 51 3057 221 3139; x_wconf 76' lang='grc' dir='ltr'><strong>Βασιλέως</strong></span> <span class='ocrx_word' id='word_1_202' title='bbox 247 3068 359 3144; x_wconf 76' lang='grc' dir='ltr'><em>μισθοῦ,</em></span> <span class='ocrx_word' id='word_1_203' title='bbox 384 3065 470 3151; x_wconf 89' lang='lat' dir='ltr'><strong>quod</strong></span> <span class='ocrx_word' id='word_1_204' title='bbox 494 3087 514 3132; x_wconf 90' lang='lat' dir='ltr'><strong>a</strong></span> <span class='ocrx_word' id='word_1_205' title='bbox 536 3065 631 3131; x_wconf 89' lang='lat' dir='ltr'><strong>Valla</strong></span> <span class='ocrx_word' id='word_1_206' title='bbox 654 3065 790 3132; x_wconf 86' lang='lat' dir='ltr'><strong>relatam</strong></span> <span class='ocrx_word' id='word_1_207' title='bbox 814 3086 885 3132; x_wconf 88' lang='lat' dir='ltr'><strong>esse</strong></span> <span class='ocrx_word' id='word_1_208' title='bbox 909 3064 1047 3132; x_wconf 84' lang='lat' dir='ltr'><strong>dixeris:</strong></span> <span class='ocrx_word' id='word_1_209' title='bbox 1074 3065 1268 3151; x_wconf 82' lang='lat' dir='ltr'><strong>„affulgente</strong></span> <span class='ocrx_word' id='word_1_210' title='bbox 1293 3069 1346 3135; x_wconf 90' lang='lat' dir='ltr'><strong>sti-</strong></span> 
     </span>
     <span class='ocr_line' id='line_1_24' title="bbox 56 3183 716 3270; baseline -0.003 -20"><span class='ocrx_word' id='word_1_211' title='bbox 56 3185 185 3258; x_wconf 77' lang='lat' dir='ltr'><strong>pendit</strong></span> <span class='ocrx_word' id='word_1_212' title='bbox 208 3185 249 3253; x_wconf 89' lang='lat' dir='ltr'><strong>ab</strong></span> <span class='ocrx_word' id='word_1_213' title='bbox 273 3206 350 3270; x_wconf 82' lang='lat' dir='ltr'><strong>rege</strong></span> <span class='ocrx_word' id='word_1_214' title='bbox 374 3184 604 3270; x_wconf 88' lang='lat' dir='ltr'><strong>suppeditandi</strong></span> <span class='ocrx_word' id='word_1_215' title='bbox 628 3183 716 3267; x_wconf 87' lang='lat' dir='ltr'><strong>spe&#39;&#39;.</strong></span> 
     </span>
    </p>

    <p class='ocr_par' dir='ltr' id='par_1_7' title="bbox 125 3299 1220 3389">
     <span class='ocr_line' id='line_1_25' title="bbox 125 3299 1220 3389; baseline 0.002 -19"><span class='ocrx_word' id='word_1_216' title='bbox 125 3309 142 3387; x_wconf 65' lang='grc' dir='ltr'><strong>ξ</strong></span> <span class='ocrx_word' id='word_1_217' title='bbox 162 3306 193 3371; x_wconf 88' lang='grc'><strong>4.</strong></span> <span class='ocrx_word' id='word_1_218' title='bbox 218 3304 311 3388; x_wconf 86' lang='lat' dir='ltr'><strong>Vulg.</strong></span> <span class='ocrx_word' id='word_1_219' title='bbox 336 3304 353 3380; x_wconf 77' lang='grc' dir='ltr'>ἢ</span> <span class='ocrx_word' id='word_1_220' title='bbox 377 3302 472 3388; x_wconf 74' lang='lat' dir='ltr'><strong>duur,</strong></span> <span class='ocrx_word' id='word_1_221' title='bbox 495 3315 517 3368; x_wconf 90' lang='grc' dir='ltr'>Β</span> <span class='ocrx_word' id='word_1_222' title='bbox 541 3300 599 3367; x_wconf 79' lang='grc' dir='ltr'><strong>οὐδ’</strong></span> <span class='ocrx_word' id='word_1_223' title='bbox 624 3299 716 3382; x_wconf 74' lang='grc' dir='ltr'><em>ἄλλο,</em></span> <span class='ocrx_word' id='word_1_224' title='bbox 740 3303 846 3385; x_wconf 81' lang='lat' dir='ltr'><strong>recte&#39;,</strong></span> <span class='ocrx_word' id='word_1_225' title='bbox 871 3309 907 3369; x_wconf 88' lang='lat' dir='ltr'><strong>ut</strong></span> <span class='ocrx_word' id='word_1_226' title='bbox 930 3304 1040 3371; x_wconf 91' lang='lat' dir='ltr'><strong>Valla:</strong></span> <span class='ocrx_word' id='word_1_227' title='bbox 1067 3307 1220 3389; x_wconf 87' lang='lat' dir='ltr'><strong>„ueque’&#39;.</strong></span> 
     </span>
    </p>

    <p class='ocr_par' dir='ltr' id='par_1_8' title="bbox 125 3417 1346 3508">
     <span class='ocr_line' id='line_1_26' title="bbox 125 3417 1346 3508; baseline -0.001 -20"><span class='ocrx_word' id='word_1_228' title='bbox 125 3423 200 3491; x_wconf 89' lang='lat' dir='ltr'><strong>Ibid.</strong></span> <span class='ocrx_word' id='word_1_229' title='bbox 224 3424 317 3508; x_wconf 84' lang='lat' dir='ltr'><strong>Vulg.</strong></span> <span class='ocrx_word' id='word_1_230' title='bbox 345 3423 431 3505; x_wconf 73' lang='grc' dir='ltr'><em>σφίσι</em></span> <span class='ocrx_word' id='word_1_231' title='bbox 455 3423 483 3487; x_wconf 73' lang='grc' dir='ltr'><strong>δὲ</strong></span> <span class='ocrx_word' id='word_1_232' title='bbox 507 3422 719 3500; x_wconf 79' lang='grc' dir='ltr'><em>περιοπτέον</em></span> <span class='ocrx_word' id='word_1_233' title='bbox 744 3417 815 3484; x_wconf 77' lang='grc' dir='ltr'><em>εἶναι</em></span> <span class='ocrx_word' id='word_1_234' title='bbox 839 3427 922 3487; x_wconf 83' lang='grc' dir='ltr'><em>τοῦτο</em></span> <span class='ocrx_word' id='word_1_235' title='bbox 946 3423 1084 3499; x_wconf 86' lang='grc' dir='ltr'><em>ρινίλιστα</em></span> <span class='ocrx_word' id='word_1_236' title='bbox 1109 3421 1184 3495; x_wconf 77' lang='grc' dir='ltr'><em>ὅπως</em></span> <span class='ocrx_word' id='word_1_237' title='bbox 1209 3427 1251 3502; x_wconf 63' lang='lat' dir='ltr'><strong>aie</strong></span> <span class='ocrx_word' id='word_1_238' title='bbox 1274 3451 1346 3491; x_wconf 86' lang='grc' dir='ltr'><em>στα-</em></span> 
     </span>
    </p>
   </div>
   <div class='ocr_carea' id='block_1_4' title="bbox 10 3538 1346 4452">
    <p class='ocr_par' dir='ltr' id='par_1_9' title="bbox 78 3538 1345 3625">
     <span class='ocr_line' id='line_1_27' title="bbox 78 3538 1345 3625; baseline 0.005 -21"><span class='ocrx_word' id='word_1_239' title='bbox 78 3541 206 3608; x_wconf 81' lang='grc' dir='ltr'><em>σίασιισι.</em></span> <span class='ocrx_word' id='word_1_240' title='bbox 234 3544 405 3623; x_wconf 85' lang='grc' dir='ltr'><em>Περιοππὲον</em></span> <span class='ocrx_word' id='word_1_241' title='bbox 428 3563 448 3606; x_wconf 90' lang='lat' dir='ltr'><strong>a</strong></span> <span class='ocrx_word' id='word_1_242' title='bbox 471 3538 567 3608; x_wconf 82' lang='lat' dir='ltr'><strong>verbo</strong></span> <span class='ocrx_word' id='word_1_243' title='bbox 590 3541 772 3619; x_wconf 70' lang='lat' dir='ltr'><strong>repromittur</strong></span> <span class='ocrx_word' id='word_1_244' title='bbox 797 3540 816 3604; x_wconf 90' lang='lat' dir='ltr'><strong>i.</strong></span> <span class='ocrx_word' id='word_1_245' title='bbox 834 3560 861 3605; x_wconf 86' lang='lat' dir='ltr'><strong>e.</strong></span> <span class='ocrx_word' id='word_1_246' title='bbox 887 3540 1169 3625; x_wconf 84' lang='lat' dir='ltr'><strong>„circumspicere”</strong></span> <span class='ocrx_word' id='word_1_247' title='bbox 1194 3544 1235 3609; x_wconf 88' lang='lat' dir='ltr'><strong>ob</strong></span> <span class='ocrx_word' id='word_1_248' title='bbox 1260 3545 1345 3610; x_wconf 88' lang='lat' dir='ltr'><strong>omni</strong></span> 
     </span>
    </p>

    <p class='ocr_par' dir='ltr' id='par_1_10' title="bbox 10 3657 1346 3979">
     <span class='ocr_line' id='line_1_28' title="bbox 10 3657 1343 3746; baseline 0.007 -26"><span class='ocrx_word' id='word_1_249' title='bbox 10 3705 19 3720; x_wconf 80' lang='grc'><strong>..</strong></span> <span class='ocrx_word' id='word_1_250' title='bbox 85 3665 167 3738; x_wconf 79' lang='lat' dir='ltr'><strong>parte</strong></span> <span class='ocrx_word' id='word_1_251' title='bbox 198 3661 347 3746; x_wconf 85' lang='lat' dir='ltr'><strong>quadrat</strong></span> <span class='ocrx_word' id='word_1_252' title='bbox 394 3659 421 3723; x_wconf 93' lang='lat' dir='ltr'><strong>B</strong></span> <span class='ocrx_word' id='word_1_253' title='bbox 452 3657 594 3724; x_wconf 84' lang='lat' dir='ltr'><strong>scribens</strong></span> <span class='ocrx_word' id='word_1_254' title='bbox 625 3661 655 3723; x_wconf 82' lang='grc' dir='ltr'><strong>οὐ</strong></span> <span class='ocrx_word' id='word_1_255' title='bbox 679 3657 853 3744; x_wconf 82' lang='grc' dir='ltr'><em>περιοπτέον,</em></span> <span class='ocrx_word' id='word_1_256' title='bbox 878 3659 920 3724; x_wconf 94' lang='lat' dir='ltr'><strong>ab</strong></span> <span class='ocrx_word' id='word_1_257' title='bbox 945 3660 1048 3726; x_wconf 83' lang='lat' dir='ltr'><strong>activo</strong></span> <span class='ocrx_word' id='word_1_258' title='bbox 1073 3667 1202 3741; x_wconf 66' lang='grc' dir='ltr'><em>περιορᾶν</em></span> <span class='ocrx_word' id='word_1_259' title='bbox 1227 3662 1343 3729; x_wconf 83' lang='lat' dir='ltr'><strong>dedus-</strong></span> 
     </span>
     <span class='ocr_line' id='line_1_29' title="bbox 89 3776 1346 3866; baseline 0.007 -25"><span class='ocrx_word' id='word_1_260' title='bbox 89 3779 160 3860; x_wconf 86' lang='lat' dir='ltr'><strong>tum,</strong></span> <span class='ocrx_word' id='word_1_261' title='bbox 191 3785 324 3866; x_wconf 86' lang='lat' dir='ltr'><strong>propter</strong></span> <span class='ocrx_word' id='word_1_262' title='bbox 355 3777 501 3844; x_wconf 87' lang='lat' dir='ltr'><strong>additam</strong></span> <span class='ocrx_word' id='word_1_263' title='bbox 532 3777 734 3862; x_wconf 85' lang='lat' dir='ltr'><strong>negationem</strong></span> <span class='ocrx_word' id='word_1_264' title='bbox 766 3777 851 3842; x_wconf 91' lang='lat' dir='ltr'><strong>idem</strong></span> <span class='ocrx_word' id='word_1_265' title='bbox 882 3776 949 3843; x_wconf 84' lang='lat' dir='ltr'><strong>fere</strong></span> <span class='ocrx_word' id='word_1_266' title='bbox 980 3778 1065 3844; x_wconf 90' lang='lat' dir='ltr'><strong>valet</strong></span> <span class='ocrx_word' id='word_1_267' title='bbox 1091 3779 1178 3863; x_wconf 86' lang='lat' dir='ltr'><strong>quod</strong></span> <span class='ocrx_word' id='word_1_268' title='bbox 1202 3781 1346 3865; x_wconf 85' lang='lat' dir='ltr'><strong>vulgata.</strong></span> 
     </span>
     <span class='ocr_line' id='line_1_30' title="bbox 92 3891 574 3979; baseline 0.004 -21"><span class='ocrx_word' id='word_1_269' title='bbox 92 3892 183 3964; x_wconf 75' lang='lat' dir='ltr'><strong>lallar</strong></span> <span class='ocrx_word' id='word_1_270' title='bbox 212 3917 298 3978; x_wconf 84' lang='lat' dir='ltr'>„non</span> <span class='ocrx_word' id='word_1_271' title='bbox 321 3891 574 3979; x_wconf 85' lang='lat' dir='ltr'><strong>negligendum.&#39;&#39;</strong></span> 
     </span>
    </p>

    <p class='ocr_par' dir='ltr' id='par_1_11' title="bbox 39 4008 1344 4101">
     <span class='ocr_line' id='line_1_31' title="bbox 39 4008 1344 4101; baseline 0.002 -21"><span class='ocrx_word' id='word_1_272' title='bbox 39 4086 42 4096; x_wconf 32' lang='lat'>¹</span> <span class='ocrx_word' id='word_1_273' title='bbox 123 4015 201 4082; x_wconf 85' lang='lat' dir='ltr'><strong>Ibid.</strong></span> <span class='ocrx_word' id='word_1_274' title='bbox 224 4013 318 4099; x_wconf 79' lang='lat' dir='ltr'><strong>vulg.</strong></span> <span class='ocrx_word' id='word_1_275' title='bbox 353 4013 479 4090; x_wconf 81' lang='grc' dir='ltr'><em>βασιλεῖ</em></span> <span class='ocrx_word' id='word_1_276' title='bbox 506 4015 557 4078; x_wconf 81' lang='grc' dir='ltr'><strong>οὐκ</strong></span> <span class='ocrx_word' id='word_1_277' title='bbox 583 4012 696 4093; x_wconf 82' lang='grc' dir='ltr'><em>εὔπορον</em></span> <span class='ocrx_word' id='word_1_278' title='bbox 727 4008 809 4079; x_wconf 80' lang='grc' dir='ltr'><em>εἶναι.</em></span> <span class='ocrx_word' id='word_1_279' title='bbox 842 4024 863 4077; x_wconf 91' lang='grc' dir='ltr'><strong>Β</strong></span> <span class='ocrx_word' id='word_1_280' title='bbox 895 4015 940 4094; x_wconf 77' lang='grc' dir='ltr'><strong>τῷ</strong></span> <span class='ocrx_word' id='word_1_281' title='bbox 971 4014 1125 4089; x_wconf 79' lang='grc' dir='ltr'><em>βασιλεῖ</em></span> <span class='ocrx_word' id='word_1_282' title='bbox 1153 4041 1208 4096; x_wconf 84' lang='grc' dir='ltr'><strong>τε,</strong></span> <span class='ocrx_word' id='word_1_283' title='bbox 1240 4016 1344 4101; x_wconf 87' lang='lat' dir='ltr'><strong>quod,</strong></span> 
     </span>
    </p>

    <p class='ocr_par' dir='ltr' id='par_1_12' title="bbox 21 4119 1346 4216">
     <span class='ocr_line' id='line_1_32' title="bbox 21 4119 1346 4216; baseline 0.001 -18"><span class='ocrx_word' id='word_1_284' title='bbox 21 4119 38 4215; x_wconf 48' lang='lat'><strong>‘4</strong></span> <span class='ocrx_word' id='word_1_285' title='bbox 88 4133 167 4200; x_wconf 84' lang='lat' dir='ltr'><strong>mudo</strong></span> <span class='ocrx_word' id='word_1_286' title='bbox 190 4132 322 4199; x_wconf 87' lang='lat' dir='ltr'><strong>omittas</strong></span> <span class='ocrx_word' id='word_1_287' title='bbox 346 4130 531 4210; x_wconf 83' lang='lat' dir='ltr'><strong>articulum,</strong></span> <span class='ocrx_word' id='word_1_288' title='bbox 555 4134 701 4214; x_wconf 89' lang='lat' dir='ltr'><strong>praestat</strong></span> <span class='ocrx_word' id='word_1_289' title='bbox 724 4128 872 4214; x_wconf 84' lang='lat' dir='ltr'><strong>vulgatae</strong></span> <span class='ocrx_word' id='word_1_290' title='bbox 892 4137 1025 4214; x_wconf 88' lang='lat' dir='ltr'><strong>propter</strong></span> <span class='ocrx_word' id='word_1_291' title='bbox 1047 4133 1242 4216; x_wconf 80' lang='lat' dir='ltr'><strong>praecedens</strong></span> <span class='ocrx_word' id='word_1_292' title='bbox 1268 4135 1285 4199; x_wconf 79' lang='grc' dir='ltr'><em>ὅ</em></span> <span class='ocrx_word' id='word_1_293' title='bbox 1306 4161 1346 4201; x_wconf 81' lang='grc' dir='ltr'><strong>τε</strong></span> 
     </span>
    </p>

    <p class='ocr_par' dir='ltr' id='par_1_13' title="bbox 22 4247 1222 4332">
     <span class='ocr_line' id='line_1_33' title="bbox 22 4247 1222 4332; baseline 0.003 -18"><span class='ocrx_word' id='word_1_294' title='bbox 22 4309 24 4314; x_wconf 88' lang='grc'><em>,</em></span> <span class='ocrx_word' id='word_1_295' title='bbox 84 4249 276 4328; x_wconf 64' lang='grc' dir='ltr'><em>Ἀλκιβιάδας.</em></span> <span class='ocrx_word' id='word_1_296' title='bbox 301 4248 412 4315; x_wconf 87' lang='lat' dir='ltr'><strong>Valla:</strong></span> <span class='ocrx_word' id='word_1_297' title='bbox 440 4247 550 4331; x_wconf 87' lang='lat' dir='ltr'><strong>„quin</strong></span> <span class='ocrx_word' id='word_1_298' title='bbox 574 4247 691 4314; x_wconf 87' lang='lat' dir='ltr'><strong>etiam</strong></span> <span class='ocrx_word' id='word_1_299' title='bbox 714 4268 755 4312; x_wconf 89' lang='lat' dir='ltr'><strong>ue</strong></span> <span class='ocrx_word' id='word_1_300' title='bbox 779 4248 863 4332; x_wconf 84' lang='lat' dir='ltr'><strong>regis</strong></span> <span class='ocrx_word' id='word_1_301' title='bbox 888 4248 1013 4332; x_wconf 90' lang='lat' dir='ltr'><strong>quidem</strong></span> <span class='ocrx_word' id='word_1_302' title='bbox 1037 4249 1222 4319; x_wconf 89' lang='lat' dir='ltr'><strong>interesse”.</strong></span> 
     </span>
    </p>

    <p class='ocr_par' dir='ltr' id='par_1_14' title="bbox 10 4342 1344 4452">
     <span class='ocr_line' id='line_1_34' title="bbox 10 4342 1344 4452; baseline 0.003 -21"><span class='ocrx_word' id='word_1_303' title='bbox 10 4342 20 4431; x_wconf 28' lang='grc' dir='ltr'><strong>,Ι</strong></span> <span class='ocrx_word' id='word_1_304' title='bbox 121 4367 200 4436; x_wconf 88' lang='lat' dir='ltr'><strong>Ibid.</strong></span> <span class='ocrx_word' id='word_1_305' title='bbox 223 4368 315 4452; x_wconf 86' lang='lat' dir='ltr'><strong>Vulg.</strong></span> <span class='ocrx_word' id='word_1_306' title='bbox 346 4365 446 4437; x_wconf 67' lang='grc' dir='ltr'><em>πόλεις</em></span> <span class='ocrx_word' id='word_1_307' title='bbox 479 4364 605 4445; x_wconf 76' lang='grc' dir='ltr'><em>ἐχόντων</em></span> <span class='ocrx_word' id='word_1_308' title='bbox 637 4367 665 4429; x_wconf 86' lang='grc' dir='ltr'><strong>ἕν</strong></span> <span class='ocrx_word' id='word_1_309' title='bbox 689 4374 726 4447; x_wconf 68' lang='grc' dir='ltr'><strong>τῇ</strong></span> <span class='ocrx_word' id='word_1_310' title='bbox 750 4367 839 4431; x_wconf 80' lang='grc' dir='ltr'><em>αὑτοῦ</em></span> <span class='ocrx_word' id='word_1_311' title='bbox 862 4368 943 4447; x_wconf 70' lang='grc' dir='ltr'><strong>αρχῇ</strong></span> <span class='ocrx_word' id='word_1_312' title='bbox 967 4371 1025 4436; x_wconf 82' lang='grc' dir='ltr'><strong>οὐκ</strong></span> <span class='ocrx_word' id='word_1_313' title='bbox 1049 4371 1227 4449; x_wconf 81' lang='grc' dir='ltr'><em>ἐλαχίστας.</em></span> <span class='ocrx_word' id='word_1_314' title='bbox 1273 4371 1344 4435; x_wconf 79' lang='lat' dir='ltr'><strong>Etsi</strong></span> 
     </span>
    </p>
   </div>
   <div class='ocr_carea' id='block_1_5' title="bbox 0 0 1496 4912">
    <p class='ocr_par' dir='ltr' id='par_1_15' title="bbox 0 0 1496 4912">
     <span class='ocr_line' id='line_1_35' title="bbox 0 0 1496 4912; baseline 0 0"><span class='ocrx_word' id='word_1_315' title='bbox 0 0 1496 4912; x_wconf 95' lang='lat' dir='ltr'><strong> </strong></span> 
     </span>
    </p>
   </div>
  </div>
 </body>
</html>
