2962 4912
779 267 822 330 80

208 500 289 568 Ibid.
313 503 340 566 Β
363 503 465 582 χαρίεν
589 504 621 566 ἐκ
655 511 708 576 τῆς
743 511 799 580 χής
835 502 978 582 καρτερὸν.
1022 503 1151 587 Reliqui
1186 524 1253 570 non
1288 502 1441 571 exhibent

163 621 343 687 articulum.
390 621 500 687 Valla:
527 643 567 703 „a
589 627 676 688 terra
700 620 885 688 munitum”.

208 741 282 824 54.
306 740 398 825 Vulg.
423 741 589 807 ἐπιστέλλει
712 743 726 807 ὃ
751 741 916 822 Πεδήρντος.
952 743 990 808 ln
1013 743 1040 807 B
1064 741 1160 809 abest
1182 743 1206 809 i.

208 865 228 944 ξ
253 861 283 928 5.
309 860 402 945 Vulg.
427 861 489 925 ἐπεὶ
515 861 544 925 δὲ
568 862 843 942 ulciscendorum,
868 865 1086 943 ἀναχωροῦντες
1108 860 1200 926 πάλιν
1216 863 1245 934 ἐς
1259 862 1319 937 τήν
1336 861 1440 938 Σήμον

165 980 321 1063 ήσύχαζον.
355 981 410 1047 Bis
443 1003 463 1047 a
494 982 624 1068 vulgata
653 982 775 1048 recedit
799 983 844 1062 B,
876 1004 935 1067 pro
970 983 1032 1047 ἐπεὶ
1058 981 1201 1048 referens
1225 980 1438 1067 temporalem

165 1101 419 1186 conjunctionem
454 1101 551 1174 ε’τενδή
587 1122 607 1166 a
643 1106 753 1167 nostro
790 1100 868 1167 alibi
902 1122 1062 1184 nusquam
1092 1100 1160 1167 fere
1192 1122 1264 1166 cum
1299 1098 1439 1184 optativo

165 1227 352 1306 usurpatam
376 1225 409 1286 et
431 1241 490 1305 pro
513 1222 732 1303 ἀναχωροῦντες
757 1220 900 1287 scribens
924 1222 1146 1302 dragomirum
1172 1241 1269 1286 sensu
1296 1239 1439 1285 vacuum.

165 1338 259 1405 Valla
281 1344 386 1405 recte:
419 1360 537 1424 „quum
561 1339 669 1407 hostes
692 1362 831 1426 pugnam
856 1338 1093 1418 detrectarent,
1116 1361 1229 1406 rursus
1252 1339 1289 1404 in
1313 1338 1441 1405 Samum

165 1456 318 1523 reductae
341 1455 523 1540 quievere”.

211 1695 318 1780 Caput
349 1695 391 1759 39
421 1693 446 1785 §
471 1698 500 1760 1.
536 1695 625 1781 Vulg.
657 1695 757 1777 ἄρχων
791 1697 893 1762 ἔπλεν
926 1700 1021 1763 αὐτῶν
1049 1697 1249 1774 ’Λντνσήὲνήςς
1273 1697 1300 1760 Β
1325 1693 1438 1760 rectius

167 1815 324 1881 ἐπέπλει.
361 1815 456 1881 Valla
479 1816 627 1883 liberius:
656 1816 756 1897 „duce
780 1815 999 1884 Antisthene.'’

212 1933 236 2024 ξ
259 1937 288 1999 2.
312 1933 403 2018 Vulg.
428 1934 517 2014 εἵρήτο
542 1938 640 2007 αὐτοῖς
755 1935 920 2018 Ἀστύοχον
1030 1936 1134 2000 σαήενν
1151 1943 1203 2009 τής
1221 1933 1445 2015 ναυαρχίας,

167 2074 243 2120 uera
273 2053 383 2129 lectio,
415 2074 497 2138 quae
531 2055 629 2120 etiam
657 2055 745 2141 apud
768 2053 894 2121 Vallam
917 2054 1094 2120 invenitur:
1122 2053 1220 2134 „dato
1244 2053 1292 2120 eis
1314 2051 1452 2136 negotio

168 2182 205 2237 ut
319 2170 516 2258 Astyochum
541 2180 725 2240 amoverent
748 2193 766 2239 e
790 2172 993 2239 nauarchia.”
1029 2173 1170 2240 Tertium
1188 2173 1215 2237 Β
1237 2173 1319 2239 miro
1335 2191 1461 2237 errore

166 2290 287 2357 insulse
311 2292 484 2371 ναυμαχίας
511 2293 634 2358 rettulit
659 2293 712 2373 (of.
737 2295 798 2376 20,
827 2296 855 2361 1.
881 2293 945 2377 33,
973 2295 1015 2376 1).

214 2412 288 2494 53.
323 2411 468 2497 Vulgari
495 2421 557 2487 νήες
682 2414 777 2492 Μήλῳ
800 2413 1035 2493 προσέβαλον.
1075 2410 1241 2477 siveram
1265 2406 1470 2494 est,quot1

170 2538 279 2596 tamen
303 2530 444 2597 dubitari
467 2531 558 2616 licet,
582 2531 910 2597 Lacedaemoniorum
934 2551 1031 2597 naves
1054 2550 1167 2595 revera
1187 2549 1251 2594 non
1268 2528 1312 2595 ad
1327 2528 1473 2594 Melurn

170 2650 353 2735 appulisse,
390 2672 461 2716 cum
494 2649 647 2715 Classeno
681 2631 884 2734 probandum
915 2655 965 2716 est
997 2649 1146 2715 Vaticani
1182 2650 1477 2730 προσέβαλλον.

173 2769 233 2834 Vix
257 2767 328 2834 fieri
351 2772 474 2853 potest,
499 2775 534 2833 ut
558 2767 635 2851 quid
661 2768 834 2833 doceamur
857 2789 877 2833 a
896 2767 1007 2834 Valla:
1035 2768 1096 2847 „ad
1120 2767 1240 2833 Melum
1259 2765 1436 2853 appulsae?
1451 2757 1477 2786 ’

216 2886 296 2951 Ibid.
322 2885 411 2970 Vulg.
440 2887 495 2958 τας
521 2894 594 2965 τρεῖς
621 2886 807 2963 λαμβάνουσι
834 2885 949 2958 κενάς.
997 2885 1048 2952 Sic
1072 2907 1200 2971 quoque
1224 2885 1335 2952 Valla:
1362 2891 1477 2965 ‚tres

172 3011 288 3089 captae
313 3009 389 3070 sunt
410 3004 558 3082 inanes,’'
583 3027 687 3090 neque
711 3005 775 3072 ullo
800 3006 894 3070 modo
916 3027 988 3070 cum
1012 3005 1268 3071 Bomittendum
1285 3010 1335 3070 est
1348 3002 1477 3074 κενάς·

217 3121 297 3186 Ibid.
313 3120 407 3205 Vulg.
429 3123 549 3194 δεδνότες
573 3125 615 3199 μή
640 3125 674 3187 αἱ
700 3125 898 3206 διαφυγοῦσαν
924 3174 998 3188 ....
1025 3132 1087 3198 νῆες
1114 3173 1191 3188 ....
1215 3122 1362 3201 μήνήσωσν
1386 3126 1477 3185 τοῖος

174 3245 203 3307 ἕν
234 3252 270 3322 τῇ
302 3243 392 3322 νήσῳ
423 3243 471 3308 τὸν
495 3245 635 3309 ἐπίπλουν
660 3249 762 3311 αὐτῶν.
809 3244 1009 3310 Bomittens
1033 3245 1064 3307 αἱ
1089 3242 1268 3309 audiendus
1291 3263 1357 3308 non
1379 3246 1424 3306 est
1455 3249 1477 3314 Ξ

175 3361 260 3445 quod
285 3368 393 3426 autem
416 3382 474 3444 pro
498 3364 582 3446 νήσῳ,
616 3364 745 3449 proprie
768 3363 801 3427 in
826 3362 968 3446 margine
992 3362 1142 3445 adpicto,
1170 3367 1301 3444 postea,
1326 3364 1477 3426 remote

174 3500 251 3545 vora
283 3479 435 3557 lectione,
466 3480 500 3544 in
533 3485 654 3545 textum
686 3487 836 3565 recepto,
867 3478 1002 3565 praebet
1029 3480 1134 3566 Σήμῳ,
1158 3479 1220 3545 hac
1242 3480 1276 3544 in
1298 3501 1333 3545 re
1355 3498 1477 3564 prae*

177 3598 330 3664 stantiam
365 3600 587 3682 cognoscimus
623 3599 695 3666 libri
729 3601 774 3681 B,
811 3601 900 3666 cuius
932 3600 1038 3684 imago
1062 3605 1168 3666 exstat
1192 3601 1278 3684 apud
1303 3599 1424 3666 Vallam
1474 3608 1477 3615 ·

180 3736 273 3795 „mox
304 3715 375 3793 isti,
409 3716 501 3782 veriti
531 3739 571 3783 ue
602 3718 762 3802 reliquas,
794 3740 877 3804 quae
909 3717 1125 3803 aufugissent,
1156 3718 1327 3785 adventum
1352 3724 1477 3782 νοντα

179 3839 290 3901 notum
313 3832 457 3900 facerent
480 3833 729 3902 Atheniensibus
755 3837 842 3903 Sami
866 3837 1037 3902 stationem
1060 3835 1281 3902 habentibus.’'
1322 3836 1423 3901 Invers
1438 3841 1477 3888 Ξ

179 3952 303 4018 ratione
335 3951 450 4036 capitis
481 3951 543 4017 fine
576 3976 634 4038 pro
664 3956 789 4036 Μιλήτῳ
819 3956 845 4021 Β
878 3955 999 4022 minore
1024 3977 1095 4021 cum
1120 3955 1228 4039 specie
1251 3955 1329 4040 legit
1356 3954 1441 4030 νήσου

181 4075 214 4137 et
237 4070 289 4135 hic
312 4069 407 4136 Valla
430 4076 517 4137 recte
543 4072 607 4153 „ad
630 4072 793 4140 Miletum''
809 4073 846 4159 1).

189 4250 435 4262 ...—---———

215 4354 243 4420 1)
261 4355 293 4405 cl.
312 4351 430 4404 Stehlius
448 4352 476 4402 in
494 4351 609 4402 editione
626 4350 732 4415 majore.
