3000 4920
663 323 708 401 ib

41 568 232 654 σ’σντνπρῶρσιρ
262 573 414 654 χρώμεναι.
460 585 482 638 Β
509 573 582 658 jure
605 571 724 639 omittit
747 570 884 650 ἠμύνοντο
909 577 941 638 et
964 595 1017 655 τε,
1040 573 1076 636 ut
1100 568 1210 636 Valla:
1237 559 1321 647 „Eos

43 692 245 780 Syracusani
268 692 461 778 excipientes
485 692 627 760 adversis
650 691 786 778 proris''.

95 929 204 1018 Caput
232 931 274 996 41
306 929 331 1021 ξ
360 930 392 999 4.
424 929 514 1017 Vulg.
654 931 678 996 oi
702 929 968 1012 Συρακόσιον
994 925 1099 1008 ἄνδρας
1123 951 1157 991 τε
1179 924 1245 998 τσὺς
1269 925 1324 1004 μὲν

45 1050 207 1125 πολλοὺς
238 1049 457 1137 ζωγρήσαντες,
489 1052 556 1124 τοὺς
586 1052 610 1116 δ’
641 1051 866 1123 ἀποκτείναντες
893 1048 1111 1130 ἀπεχώρησαν,
1136 1058 1158 1111 Β
1183 1065 1248 1111 uon
1270 1064 1324 1110 cx·

51 1168 149 1236 hibet
184 1168 320 1243 πολλούς.
366 1168 531 1247 Haackic,
572 1170 638 1254 qui,
661 1168 823 1254 vulgatam
857 1172 982 1244 tuetur,
1024 1165 1160 1252 opponit
1194 1163 1324 1249 Puppe:

54 1288 121 1369 „At
146 1288 325 1373 quaeritur,
348 1288 480 1372 quinam
504 1288 569 1355 siut
591 1288 656 1370 illi,
678 1309 815 1374 quorum
837 1285 985 1377 plerique
1016 1286 1053 1368 (oi
1080 1284 1196 1368 πολλα)
1219 1282 1326 1348 dieun-

48 1412 106 1473 tur
138 1405 188 1472 vel
222 1406 311 1491 capti
344 1405 393 1473 vel
427 1406 588 1475 interfecti
622 1428 699 1476 esse.
746 1407 862 1474 Utrum
897 1402 1139 1472 Atheniensium
1172 1401 1326 1468 omnino?

49 1524 96 1591 At
136 1524 184 1590 ita
221 1525 381 1593 sententia
416 1524 600 1596 falsissime.
655 1527 707 1593 An
745 1526 934 1608 πληρώματα
976 1523 1104 1591 σανίσιν
1141 1521 1326 1588 laesarum?

50 1643 96 1710 At
129 1663 236 1727 neque
266 1644 317 1712 his
347 1646 467 1731 potitos
498 1667 569 1715 esse
602 1646 821 1734 Syracusanos
854 1645 1017 1724 audimus,
1048 1647 1081 1709 et
1112 1641 1158 1708 sic
1188 1641 1254 1712 τοὺς
1284 1639 1328 1723 (ἐν

51 1763 170 1847 αὐτοῖς)
202 1761 307 1844 ἄνδρας
340 1764 510 1831 dicendum
546 1769 640 1833 esset
687 1763 842 1843 Qualibus
876 1762 943 1830 fere
973 1759 1154 1828 rationibus
1186 1756 1325 1843 permoti

52 1879 159 1947 Bekk.
193 1886 227 1949 et
260 1881 359 1951 Goell.
393 1885 536 1972 πολλούς,
578 1885 664 1971 quod
698 1886 801 1952 Wass.
837 1883 1024 1952 mendosum
1061 1878 1221 1967 appellat,
1256 1897 1328 1941 rur·

58 2021 115 2067 sus
152 2000 358 2069 omiserunt’'.
402 2004 472 2072 Etsi
506 2004 554 2071 vir
588 2005 702 2072 doctus
735 2010 822 2072 recte
858 2002 966 2089 arguit
999 2006 1113 2069 contra
1146 1996 1327 2082 vulgatam,

59 2125 175 2187 tamen
212 2140 277 2188 nun
316 2121 476 2207 sequitur,
514 2128 552 2190 ut
586 2120 763 2197 Vaticanus
796 2124 830 2189 in
865 2120 1002 2190 delenda
1035 2138 1110 2187 voce
1145 2114 1328 2200 sequendus

57 2239 111 2306 sit.
158 2238 211 2306 Me
237 2239 345 2326 judice
374 2240 465 2309 locus
491 2242 582 2310 hicce
613 2243 741 2329 egregio
771 2241 864 2311 nobis
887 2246 937 2310 est
959 2240 1167 2323 documento,
1191 2254 1255 2320 quc
1286 2246 1328 2314 B,

56 2363 96 2425 ut
122 2358 297 2445 sehabet,
319 2381 386 2427 uon
408 2381 449 2428 ex
472 2363 608 2448 optimo,
631 2364 687 2448 qui
710 2369 849 2431 aetatem
872 2383 937 2430 non
959 2359 1050 2441 tulit,
1073 2358 1156 2425 libro
1178 2354 1327 2440 fluxisse,

59 2478 115 2545 sed
148 2478 322 2548 correctori
351 2500 471 2566 magna
500 2503 559 2567 pro
587 2488 681 2568 parte
704 2488 870 2569 acceptum
902 2478 1104 2548 referendum
1134 2497 1205 2544 esse
1229 2497 1327 2561 appa·

10 2600 13 2623 '
58 2604 141 2664 reat.
189 2595 387 2665 Vocabulum
427 2600 511 2666 enim
545 2601 578 2667 in
612 2602 743 2688 vulgata
780 2600 949 2669 abundans
983 2619 1004 2665 c
1038 2594 1186 2664 Vaticani
1223 2613 1330 2661 emen·

60 2715 173 2784 datore
194 2735 261 2783 non
283 2737 469 2802 expressum
492 2724 558 2807 est,
581 2722 643 2789 etsi
665 2742 730 2789 non
753 2721 850 2808 plane
873 2717 1082 2806 rejiciendum
1098 2717 1177 2783 erat.
1204 2711 1327 2798 Nempe

60 2835 187 2911 πολλούς
218 2836 323 2904 iocum
354 2861 426 2906 cum
457 2842 642 2919 mutaverit,
667 2842 828 2909 sententia
849 2840 938 2927 gravi
960 2838 1089 2906 laborat
1112 2833 1240 2915 morbo,
1263 2853 1327 2918 quo

60 2961 172 3023 tumsn
193 2955 304 3023 statim
327 2956 448 3024 reiecta
470 2959 549 3046 erit,
574 2961 668 3028 modo
693 2960 836 3046 legamus
859 2957 965 3039 ἄνδρας
983 2982 1017 3022 τε
1033 2953 1176 3038 πολλούς,
1192 2952 1259 3023 τοὺς
1275 2952 1329 3028 μὲν

62 3072 262 3156 ζωγρήσαντες
291 3075 357 3149 τοὺς
387 3076 413 3141 δ’
445 3077 671 3152 αποατείναντες
705 3079 920 3162 ἀπεχώρησαν,
951 3077 1038 3163 quod
1073 3074 1171 3142 etiam
1201 3069 1329 3136 Vallum

62 3191 179 3280 legisse
201 3214 261 3279 pro
283 3200 371 3260 certo
397 3192 561 3264 affirmare
582 3198 704 3265 ausim:
731 3198 922 3283 „multisque
938 3196 1013 3263 viris
1032 3199 1101 3262 tum
1117 3190 1239 3276 captis,
1260 3194 1330 3255 tum

64 3313 177 3382 occisis
199 3312 352 3383 rediere''.

106 3432 189 3502 Ibid.
211 3432 302 3520 Vulg.
325 3436 377 3508 τὴν
405 3435 512 3502 ἐλπίδα
539 3435 590 3513 ἤδη
614 3435 724 3518 ε’χνρὸνν
747 3432 829 3517 εἶχον
851 3440 920 3508 ταῖς
942 3432 997 3511 μὲν
1020 3429 1103 3496 νανσὶ
1126 3427 1218 3494 πολὺ
1240 3429 1336 3509 κρείσ-

66 3576 127 3625 σννς
149 3548 241 3629 εἶναι,
266 3552 404 3621 ἐδόκουν
427 3553 457 3620 di
479 3554 528 3620 καὶ
553 3553 601 3620 τὸν
624 3553 710 3636 πεζὸν
732 3554 938 3639 χειρώσεσθαι,
958 3549 1138 3617 Β....καὶ
1162 3548 1333 3616 rotha..

11 3720 16 3733 .
67 3669 151 3737 bertr
286 3670 403 3740 Valles
428 3670 516 3754 „Sibi
538 3694 598 3758 pro
622 3679 710 3740 certe
730 3673 798 3759 jum
823 3672 996 3740 suadentes
1020 3691 1055 3738 se
1075 3668 1177 3737 classe
1197 3669 1333 3736 multum

12 3808 20 3849 ν
68 3787 309 3858 Atheniensibus
341 3790 573 3860 'antecellere’'.
627 3791 729 3860 Paulo
767 3791 920 3859 temerius
957 3793 1102 3858 recentes
1140 3786 1334 3875 Thucydidis
1365 3780 1368 3787 '

69 3907 200 3976 editores
232 3908 285 3974 καί
311 3909 347 3975 in
379 3913 502 3977 textum
533 3917 723 3996 receperunt
749 3918 783 3979 et
804 3911 858 3980 hic
880 3916 914 3979 et
936 3909 1027 3997 alibi)
1044 3909 1065 3977 ¹.
1110 3906 1260 3975 Vaticani
1282 3904 1337 3973 καί

69 4045 138 4097 cave
160 4034 257 4114 putes
280 4028 440 4114 respicere
464 4029 508 4097 ad
531 4050 669 4117 sequens
692 4031 744 4097 aa!
766 4030 801 4097 in
822 4026 934 4097 ἐδόκουν
955 4028 985 4094 δὲ
1001 4028 1050 4094 καὶ
1067 4029 1116 4095 τὸν
1131 4027 1217 4108 πεζὸν
1232 4027 1334 4108 χειρώ-

70 4150 179 4230 oetan
202 4148 313 4234 itaque
337 4169 410 4216 cum
431 4147 509 4216 πολύ
530 4148 722 4219 vocabulum
741 4149 896 4236 jungatur
920 4165 1052 4216 necesse
1074 4150 1134 4213 est.
1181 4141 1333 4221 Quaestio

73 4311 312 4325 ὴ*-

13 4393 29 4450 ἶσ
93 4413 335 4483 necessse.

1214 4504 1232 4557 e
