3000 4920
732 313 776 380 55

149 551 179 643 ξ
212 551 248 617 4.
282 549 374 637 Vulg.
405 552 637 633 οξτοτεοχοῦκτας
671 553 703 617 ἔκ
734 557 785 617 τοῦ
815 551 944 629 ὄπισθεν,
973 562 994 616 Β
1018 569 1082 616 non
1106 549 1190 615 male
1212 554 1288 633 post
1311 547 1385 613 οὶτο-

107 675 293 752 τειχσῦντας
326 669 438 737 inserit
471 665 527 754 αὖ,
561 668 649 754 quod
680 674 786 736 autem
819 688 928 735 annon
960 688 981 734 a
1011 666 1169 752 scriptore
1191 666 1263 751 ipso
1287 665 1387 733 ducat

109 789 293 875 originem,
336 787 517 857 subdubito.
564 787 658 855 Valla
690 788 723 853 in
757 787 920 854 vocabulis
955 786 1131 854 minoribus
1165 784 1384 870 exprimendis

110 928 251 994 operam
273 907 381 992 posuit
404 907 484 974 satis
508 927 642 992 parvam
659 906 693 991 ι).

154 1023 182 1115 ξ
213 1025 249 1094 5.
284 1024 377 1110 Vulg.
411 1025 492 1102 mcci
522 1024 552 1091 οὲ
581 1029 720 1102 ταῦτα,
752 1036 774 1089 Β
805 1026 886 1101 μετα
916 1025 946 1088 οὲ
974 1029 1090 1089 τοῦτο.
1136 1021 1232 1089 Valla
1253 1021 1385 1089 liberius

115 1142 246 1222 „mon”

156 1376 270 1462 Caput
292 1374 380 1467 80§
407 1380 434 1442 l.
469 1375 562 1464 Vulg.
593 1378 690 1454 ἕτεοδὶς
720 1383 816 1450 κακῶς
845 1377 931 1461 σφίσι
962 1377 1000 1442 τὸ·
1025 1375 1199 1456 στράτευμα
1231 1372 1298 1456 εἶχε
1330 1381 1386 1442 τῶν

113 1522 151 1563 τε
176 1496 344 1571 ἐπιτηδείων
366 1496 482 1562 πάντων
509 1497 615 1580 ἀπορία
638 1496 689 1573 ἤδη
712 1497 761 1562 καὶ
785 1488 1149 1576 κατατετραυαατισμένα
1173 1490 1247 1570 ἦσαν
1270 1495 1384 1559 πολλοί.

111 1612 308 1691 Vaticanus,
340 1614 396 1697 qui
426 1613 556 1699 saepius
587 1612 687 1681 multo
718 1614 873 1681 minorem
903 1613 945 1681 ob
977 1634 1109 1680 causam
1141 1613 1301 1680 addiderit
1332 1639 1385 1691 τε,

111 1731 167 1798 hio
196 1730 335 1816 negligit
364 1731 530 1817 copulam,
561 1736 704 1799 attamen
732 1733 867 1819 injuria,
904 1753 975 1798 cum
999 1738 1055 1797 τῶν
1079 1732 1243 1807 ἐπιτηδείων
1268 1731 1386 1798 πάντων

110 1850 222 1932 bacola
245 1853 280 1915 et
301 1848 662 1931 κατατετραυματοσμὲνοο
686 1846 760 1926 ἦσαν
784 1849 886 1916 πολλοὶ
909 1854 995 1916 recte
1018 1849 1103 1915 inter
1125 1869 1160 1916 oe
1183 1851 1383 1935 conjungunt

112 1967 298 2054 particulae
328 1970 439 2035 τε-καί.
486 1967 602 2054 Opinio
633 1969 717 2036 enim
745 1968 908 2047 Classem,
938 1968 1083 2037 docentis
1106 1969 1155 2034 axi
1179 1992 1386 2049 κατατετςαυ-

111 2087 292 2167 καταμένοι
316 2084 619 2166 ἦσαν-γεγενημέναις
642 2107 706 2154 non
729 2087 869 2173 pendere
892 2109 913 2155 a
936 2088 1160 2173 conjunctione
1183 2088 1298 2165 ε’τειοή,
1330 2085 1387 2152 sed

63 2242 65 2249 ·
112 2206 150 2274 in
184 2206 375 2295 parenthesi
404 2206 587 2292 ponendum
618 2226 707 2292 esse,
739 2207 781 2273 ad
811 2207 1004 2274 Vaticanum
1033 2205 1187 2274 tuendum
1209 2205 1288 2273 ficta
1310 2203 1387 2270 mihi

113 2324 265 2410 videtur,
288 2325 477 2410 praesertim
493 2346 565 2391 cum
581 2324 693 2405 Valla,
719 2326 775 2410 qui
790 2326 867 2393 alibi
882 2325 1020 2394 fortasse
1036 2326 1195 2393 interdum
1211 2350 1244 2391 τε
1260 2323 1385 2403 omisit,

111 2445 232 2510 nostro
253 2440 325 2509 loco
348 2441 552 2528 expresserit.

160 2560 247 2630 lbid.
271 2559 363 2646 Vulg.
386 2563 564 2647 καύσαντες,
588 2574 610 2626 Β
633 2560 804 2634 καύσαντας
826 2562 912 2646 quod
934 2561 1055 2645 recepit
1077 2560 1322 2627 Herwerdenus.

159 2677 185 2770 ξ
210 2678 242 2744 2.
272 2676 363 2764 Vulg.
394 2681 476 2745 κατὰ
507 2680 623 2759 θάτερον
653 2680 759 2762 μέρος
782 2689 835 2756 τῆς
859 2679 1007 2753 Σικελίας.
1055 2677 1255 2746 Vocabulum
1278 2676 1383 2760 μέρος,

113 2817 181 2883 quc
215 2816 280 2864 non
309 2795 447 2863 libenter
477 2819 551 2864 cum
580 2810 603 2863 Β
633 2818 798 2876 caremus,
829 2795 923 2863 Valla
954 2797 1048 2864 vertit
1075 2816 1134 2881 per
1159 2794 1307 2877 „oram'':
1334 2795 1387 2874 „in

115 2915 287 2982 adversam
309 2934 442 3000 prorsus
466 2915 595 2984 Siciliae
617 2916 738 2984 oram'’.

161 3030 187 3123 ξ
220 3031 251 3098 4.
281 3031 376 3117 Vulg.
406 3016 439 3098 τὸ
462 3033 550 3112 ἥμισυ
573 3035 710 3112 μάλιστα
733 3035 794 3099 καὶ
817 3034 856 3099 τὸ
879 3033 999 3099 πλέον.
1034 3031 1113 3097 nro
1137 3030 1225 3108 ἥμισυ
1250 3029 1387 3106 μαλιστα

64 3198 66 3205 -
116 3151 180 3217 καὶ
212 3149 337 3234 πλέον,
359 3147 454 3217 lectio
476 3152 705 3236 praestantior.
746 3151 860 3218 Vallae
884 3172 949 3218 non
972 3150 1192 3236 cognoscimus
1214 3149 1383 3216 lectionem

64 3284 66 3339 i
118 3267 275 3337 vertentis
299 3273 355 3354 „at
379 3267 695 3337 Demosthenicarum
719 3269 884 3336 dimidium
908 3290 989 3354 pene
1012 3289 1051 3335 ac
1075 3269 1178 3353 major
1194 3288 1270 3351 pars
1290 3267 1388 3333 inter·

119 3396 220 3476 rupta
241 3386 321 3456 est’'.

165 3514 186 3592 ξ
211 3508 240 3574 5.
271 3506 363 3592 Vulg.
387 3507 484 3582 insedi
506 3508 631 3586 γένοιντο
653 3507 753 3588 ταρὰ
776 3509 816 3587 τῷ
839 3510 965 3586 ποταμῷ
988 3509 1028 3588 τῷ
1052 3505 1238 3591 Κακυταρεο,
1261 3518 1283 3570 Β
1307 3507 1321 3569 ε’
1327 3504 1386 3581 τὶ,

79 3623 82 3627 ’
122 3627 211 3712 quod
240 3626 281 3694 cb
311 3645 448 3710 sequens
472 3627 553 3706 παρα
576 3630 731 3711 praestat.
777 3625 874 3691 Valla
895 3646 954 3692 nos
978 3625 1057 3692 nihil
1081 3625 1175 3691 docet
1203 3644 1321 3707 „quum
1345 3622 1389 3688 ad

123 3744 313 3832 Gacyparim
334 3743 464 3811 fluvium
487 3741 722 3811 devenissent'’.

167 3863 249 3931 lbid.
273 3863 300 3928 B
324 3863 373 3928 διὰ
398 3871 451 3938 τῆς
474 3862 644 3941 μεσογείας.
678 3860 822 3928 Articqu
846 3866 953 3928 autem
976 3879 1056 3944 opus
1080 3864 1226 3926 nonest.

167 3983 250 4051 Ibid.
266 3984 359 4071 Vulg.
382 3984 599 4065 αεσέτεαψακ,
624 3996 646 4049 B
662 3965 896 4063 μετεπέμψαντο
905 4029 916 4060 ,
935 3982 1020 4066 quod
1037 3980 1232 4048 recentiores
1248 3978 1386 4045 editores

124 4108 324 4190 receperunt.
370 4102 479 4171 Vella:
505 4122 587 4187 quos
610 4101 848 4169 accersissent&

156 4371 186 4436 1)
204 4370 236 4423 cf.
253 4369 333 4435 praet.
350 4383 408 4435 pag.
426 4365 471 4419 Vl.
