3000 4920
788 308 833 375 46

181 545 209 611 si
240 543 390 628 scriptori
420 549 530 612 nostro
560 543 773 629 imputamus,
807 543 953 629 quaestio
980 545 1083 612 oritur
1109 543 1329 613 scribamusne
1352 567 1454 608 κατοι-
1496 577 1500 599 ι

181 665 355 747 λειφθέντα
377 665 433 749 (Β)
456 662 505 730 vel
526 663 786 745 παραλειφθέντα
802 663 924 750 (Vulg.)
939 685 982 730 an
997 685 1070 731 cum
1084 663 1180 732 Valle
1193 666 1455 747 καταληφθέντα,
1482 672 1490 711 ’·

185 782 286 862 Quale
309 782 453 848 futurum
477 783 519 848 sit
539 801 732 866 responsum
753 780 830 847 inde
852 781 991 866 pendet,
1018 788 1125 849 utrum
1149 786 1331 849 statuamus
1354 780 1452 867 Syre·
1485 787 1499 852 i

180 921 318 968 cusanus
349 900 503 967 clausisse
535 906 664 985 portum
693 907 798 967 totum
828 921 871 966 an
894 901 989 968 modo
1012 899 1153 968 feudum
1176 905 1312 986 partem.
1357 899 1450 968 Oias-
1481 928 1499 972 ει

181 1041 277 1086 senus
300 1021 385 1086 huno
407 1021 441 1084 in
464 1020 594 1086 modum
616 1019 776 1104 disputat:
803 1020 856 1099 „rb
878 1018 999 1100 ζεῦγμα
1021 1020 1073 1087 die
1096 1020 1137 1101 (c.
1154 1019 1208 1099 59,
1223 1020 1259 1104 2)
1278 1019 1448 1104 angelegte
1478 1046 1498 1097 n

181 1138 398 1222 Haiensperre
428 1138 462 1203 in
494 1137 599 1204 dieser
621 1136 788 1222 bezeignet
809 1138 960 1209 διέκπλους
983 1137 1055 1204 hier
1086 1137 1148 1204 den
1171 1159 1228 1204 zur
1252 1135 1451 1209 Durchfahrt
1480 1148 1499 1208 τίν

181 1257 415 1342 gelassenen
446 1256 558 1323 Reum
604 1256 675 1322 Den
705 1256 781 1322 dass
811 1257 863 1323 die
901 1256 1094 1343 Syrahusier
1122 1255 1176 1324 bei
1205 1257 1264 1323 der
1286 1255 1450 1341 Sperrung
1483 1288 1498 1327 ·:

182 1376 269 1442 ihres
301 1376 435 1459 eigcnen
465 1373 589 1441 Haiens
620 1395 677 1440 aur
700 1372 944 1461 Verhinderung
967 1376 1024 1443 der
1046 1374 1148 1443 ireien
1170 1374 1373 1443 Durchfahrt
1395 1374 1451 1442 der
1483 1406 1494 1457 ςι,

184 1493 304 1560 Feinde
334 1492 387 1558 fiir
412 1493 483 1559 ihre
513 1493 625 1578 sigone
656 1492 845 1578 Benutzung
877 1494 948 1560 eine
971 1492 1129 1580 Oeffnung
1151 1494 1300 1579 gelassen
1322 1492 1447 1570 haben,
1484 1509 1498 1591 ἲς

185 1612 309 1679 scheint
340 1612 400 1677 mir
430 1611 611 1697 notwendig
641 1613 879 1694 anzuuehmen,
910 1633 1001 1680 wenn
1031 1635 1066 1680 es
1088 1614 1172 1681 auch
1194 1613 1284 1679 nicht
1307 1613 1450 1680 erwithnt
1484 1624 1498 1701 3³

184 1729 253 1797 ist''.
287 1729 358 1797 Hac
388 1731 422 1796 in
452 1751 488 1795 re
518 1730 627 1797 avire
651 1730 746 1799 docto
769 1731 920 1798 dissideo.
952 1732 1109 1816 Equidem
1132 1733 1322 1817 scriptorem
1344 1730 1450 1815 ipsum
1485 1724 1497 1806 ἶι

186 1848 301 1916 docere
324 1849 469 1915 existimo
492 1848 651 1915 intervalli
673 1855 786 1934 portus
808 1849 950 1917 faucium
972 1850 1078 1935 aperti
1100 1850 1179 1916 nihil
1197 1849 1346 1916 relictum
1361 1869 1451 1932 esse,
1488 1876 1497 1925 ε

186 1986 257 2031 cum
288 1967 365 2050 quia
392 1965 432 2033 de
455 1966 514 2032 teli
536 1967 676 2033 transitu
698 1988 857 2052 nusquam
879 1966 917 2034 fit
938 1968 1056 2035 mentio
1081 1974 1150 2035 tum
1173 1967 1330 2052 imprimis
1355 1987 1451 2052 prop
1486 1983 1497 2035 -;’

186 2089 237 2150 ter
260 2106 288 2151 e.
314 2087 358 2151 70
382 2087 401 2164 ἓ
427 2087 444 2150 1
470 2086 566 2160 ἐπειδὴ
597 2085 623 2150 δ’
648 2088 673 2151 οἱ
698 2086 841 2163 Ἀθηναῖοι
870 2087 1065 2168 προσέμισγον
1086 2088 1128 2168 τῷ
1151 2085 1316 2171 ζεύγματι,
1338 2095 1378 2167 τῇ
1401 2085 1453 2162 μὲν
1491 2134 1496 2158 ,

187 2202 286 2284 πρύτρ
305 2204 381 2287 ῥύμῃ
411 2206 596 2278 ἐπιπλέοντες
626 2205 761 2285 έιιρούτουν
790 2209 847 2271 τῶν
876 2207 1066 2284 τεταγμένων
1096 2210 1163 2270 νεῶν
1194 2208 1263 2286 πρὸς
1287 2206 1380 2285 αιἰτῷ,
1403 2201 1452 2268 καὶ
1490 2228 1495 2269 ε

189 2323 376 2402 ἐπειρῶντο
406 2322 502 2387 λύειν
532 2324 597 2395 τοὶς
627 2327 780 2407 κλήσεις.
828 2326 876 2390 De
899 2323 1040 2406 ¹introitu
1061 2324 1163 2390 altum
1187 2323 1366 2390 silentium!
1399 2320 1453 2388 Se·
1490 2340 1496 2429 j

193 2439 303 2525 quitur
332 2441 430 2526 igitur
459 2447 497 2507 ut
526 2441 632 2509 verbis
663 2442 854 2508 sarcerdotem
884 2447 917 2509 et
945 2442 1121 2521 περιλεέπειι
1150 2442 1242 2508 locus
1268 2441 1312 2507 sit
1334 2439 1453 2507 nullus.
1491 2454 1496 2489 ’τ

191 2558 286 2624 Valla
309 2560 364 2642 qui
387 2565 505 2627 vertet:
532 2560 661 2641 „fames
685 2565 798 2646 portus
817 2560 886 2645 jam
908 2559 1182 2646 praeoccupatas”
1205 2564 1242 2626 ut
1264 2580 1377 2626 omnes
1397 2557 1455 2625 riri

192 2677 278 2743 docti
309 2679 529 2764 consentiunt,
561 2678 638 2764 legit
659 2679 891 2760 καταληφθέντα
914 2676 1012 2763 idque
1035 2683 1132 2745 recte.
1178 2678 1392 2746 Athenienses
1414 2677 1457 2744 ad

193 2799 306 2879 portus
343 2794 486 2862 claustra
519 2795 717 2863 vehebantur
751 2803 904 2863 conantes
933 2801 970 2862 ut
998 2795 1259 2882 pernavigatione
1290 2797 1324 2862 in
1356 2796 1457 2864 altum

194 2912 281 2979 exire
293 2919 425 2996 possent
435 2913 611 2992 βιασάμενοι
626 2913 674 2979 τὸν
690 2914 922 2996 καταληφθέντα
936 2914 1102 2995 διέκπλουνς
1117 2913 1236 2981 etenim
1251 2919 1293 2998 (c.
1306 2915 1366 3001 70)
1381 2937 1458 2993 προ-

195 3031 450 3111 εξαναγαγύμενοι
473 3034 496 3097 ci
522 3033 687 3114 Συρακόσιοι
701 3085 708 3100 .
724 3085 732 3100 .
749 3085 778 3100 ..
802 3034 904 3121 ναυσὶ,
928 3035 1023 3101 κατα
1044 3060 1082 3101 τε
1105 3037 1163 3101 τὸν
1184 3036 1340 3100 ἔκπλουν
1363 3035 1458 3113 μέρει

195 3153 310 3216 αὐτῶν
333 3150 547 3232 ἐφύλασσον.
573 3151 757 3220 Lectionum
779 3153 876 3238 igitur
901 3151 987 3219 huno
1012 3153 1046 3218 in
1071 3152 1201 3219 modum
1223 3151 1379 3218 restituo:
1402 3151 1460 3217 ὅδὲ

197 3269 379 3347 Διρμοσύένιρς
410 3268 459 3334 καὶ
491 3269 650 3350 Μένανδρος
687 3271 735 3335 καὶ
763 3271 929 3347 auscenses
1053 3271 1156 3336 έπλεον
1182 3269 1252 3349 πρὸς
1278 3270 1312 3334 τὸ
1339 3269 1460 3350 ζεῦγμα

195 3393 246 3452 τοῦ
277 3385 390 3465 λιμένος
421 3387 504 3473 [καὶ]
531 3387 590 3452 τὸν
620 3387 947 3473 καταληφθένταῑ)
978 3389 1164 3454 διέκπλουν
1189 3385 1362 3466 βουλόμενοι
1391 3385 1461 3465 βιοέ·

196 3507 302 3572 σασύαι
331 3506 359 3577 ἐς
386 3505 419 3571 τὸ
446 3505 510 3583 ἔξω.

243 3740 349 3826 Caput
374 3741 417 3807 70
439 3746 460 3824 ξ
486 3743 515 3806 1.
540 3740 633 3826 Vulg.
657 3744 754 3813 αὐτοῖς
778 3738 864 3820 οἶμα,
888 3754 910 3807 Β
933 3741 1001 3819 ἅμα
1026 3742 1132 3813 αὐτοῖς.

244 3859 323 3926 Ibid.
354 3855 432 3948 §2
460 3856 551 3941 Vulg.
583 3857 680 3933 ἐπειδὴ
711 3858 735 3923 δ’
766 3858 790 3923 οἱ
819 3855 905 3923 ἄλλοι
931 3861 1072 3934 Ἀθηναῖοι
1095 3857 1289 3935 προσέμισγον
1311 3861 1353 3942 τῷ
1377 3858 1464 3941 ζεύγ-

200 4001 284 4055 ματι.
308 3975 445 4043 Omnino
469 3976 706 4043 concedendum
728 3983 778 4044 est
802 3975 955 4044 Glaeseno
977 3977 1168 4044 Vaticanum
1191 3984 1225 4044 et
1243 3998 1368 4063 paucos
1383 3978 1465 4083 alios

235 4259 263 4324 1)
281 4259 361 4310 Video
383 4257 515 4309 Stahlium
538 4273 642 4324 quoque
659 4259 815 4322 praetulisse
831 4256 1039 4321 καταληφθέντα.
1069 4258 1107 4310 Cf.
1124 4259 1255 4323 Popponis
1272 4259 1352 4311 editio
1370 4262 1466 4328 altera,

203 4369 284 4420 quam
301 4355 374 4405 auxit
392 4359 419 4404 et
436 4355 584 4406 emendavit
603 4354 729 4406 Stehlius.
