3000 4920
106 312 174 391 'vm
625 345 862 394 incuuarre.

112 565 312 632 immutatum
349 564 510 652 ordinem,
549 565 692 633 additum
731 573 807 634 aute
845 567 977 634 uomina
1016 567 1152 653 propria
1192 567 1394 652 articulum,

111 682 256 769 adjectas
287 704 384 769 saepe
407 689 536 768 praeter
559 686 785 753 necessitatem
807 686 942 771 copulas
966 711 1000 752 τε
1024 692 1058 752 et
1081 688 1150 764 act,
1175 686 1278 754 rerba
1303 707 1394 754 com·

114 801 222 888 posita
252 795 348 886 saepe
379 822 511 869 numero
534 823 593 888 pro
621 802 820 889 simplicibus
845 809 968 872 temere
991 811 1169 891 usurpata,
1193 804 1395 891 geographi·

111 941 219 988 carum
243 942 349 987 rerum
371 925 492 988 rectam
516 920 717 1007 scripturam.
756 920 836 988 Oum
858 928 984 1011 autem,
1008 929 1046 989 ut
1067 924 1102 990 iu
1118 923 1394 991 annotationibus

112 1040 231 1107 criticis
261 1039 372 1126 docui,
405 1041 439 1106 iu
469 1040 641 1109 lectionum
673 1041 858 1108 diuersitate
881 1042 984 1110 multo
1008 1043 1138 1128 saepius
1161 1043 1258 1110 Valla
1282 1059 1396 1110 veram
1422 1084 1434 1113 -.

112 1161 261 1230 exhibeat
291 1184 435 1240 manum,
467 1161 539 1246 quis
567 1166 616 1227 est
647 1161 724 1245 quin
748 1167 781 1230 et
802 1162 836 1227 in
858 1161 939 1228 locis
963 1162 1070 1245 dubiis
1094 1162 1268 1230 arbitrium
1291 1183 1396 1249 penes
1430 1188 1435 1241 p

113 1280 240 1348 Vallum
262 1302 333 1349 esse
356 1280 540 1347 existimet?
578 1279 616 1345 In
639 1279 838 1346 consulenda
860 1285 970 1346 tamen
992 1281 1263 1366 interpretatione
1287 1281 1396 1348 latina
1432 1316 1435 1355 ;

113 1400 155 1468 ad
179 1400 368 1484 scripturam
392 1420 543 1486 graecam
566 1398 823 1466 constituendam
848 1421 900 1466 ree
916 1401 1008 1487 ipsa,
1033 1406 1072 1468 ut
1093 1402 1238 1468 maxima
1260 1407 1397 1468 utamur
1432 1388 1435 1395 ’

113 1519 297 1607 prudentia,
334 1520 465 1597 suadet,
501 1525 534 1586 et
563 1519 683 1586 idcirco
712 1519 868 1605 imprimis
898 1520 1096 1605 permultum
1127 1543 1189 1589 nos
1212 1544 1253 1588 ex
1276 1520 1395 1588 Vallae
1434 1558 1436 1593 :

115 1660 211 1724 opere
233 1638 387 1725 proficere
411 1660 506 1726 posse
529 1638 669 1706 arbitror
690 1638 731 1705 iis
753 1639 849 1719 locis,
872 1639 1048 1724 inquibus
1071 1642 1248 1710 lectionum
1270 1641 1395 1708 diecre-
1433 1626 1436 1649 ³

115 1758 247 1846 pantiae
271 1762 453 1843 suppetunt
485 1756 588 1824 Lubet
609 1755 748 1824 breuiter
772 1757 937 1842 colligere,
962 1778 1045 1842 quae
1068 1780 1108 1824 ex
1123 1759 1396 1827 annotationibus

116 1875 235 1948 criticis
259 1875 409 1945 didicisse
432 1876 510 1943 mibi
532 1876 651 1944 videor.
697 1875 861 1961 Apparuit
882 1875 960 1942 mihi
992 1875 1029 1941 10
1052 1877 1181 1945 Vallam
1205 1883 1239 1945 et
1261 1878 1397 1946 Vatica-

117 2017 194 2064 num
224 2016 451 2083 saepenumero
480 1996 565 2063 inter
594 2017 628 2063 se
651 1995 855 2081 discrepare,
886 1996 1014 2081 saepius
1042 2002 1171 2083 tamen,
1200 1999 1397 2084 praesertim

120 2117 155 2182 in
184 2115 263 2182 locis
293 2116 425 2203 majoris
448 2115 618 2193 momenti,
647 2113 710 2182 sibi
731 2114 867 2181 invicem
890 2116 1097 2200 respondere.
1135 2115 1172 2181 2⁰
1195 2116 1396 2185 Vaticanum

119 2234 217 2321 igitur
238 2258 304 2303 non
326 2234 423 2304 modo
447 2240 626 2303 correctum
649 2253 737 2318 esse,
760 2254 868 2300 verum
891 2233 990 2301 etiam
1013 2234 1161 2316 aliunde,
1192 2241 1229 2301 ut
1252 2256 1271 2302 e
1295 2235 1400 2304 colla-

120 2356 226 2444 tione,
261 2360 463 2443 praestantes
498 2353 675 2439 scripturas
709 2350 848 2436 petiisse.
895 2351 933 2417 3ο
964 2353 998 2418 iu
1027 2353 1175 2422 lectionis
1207 2355 1400 2423 diversitate

122 2475 310 2562 plerumque
332 2476 485 2562 majorem
510 2473 648 2558 speciem
671 2468 790 2537 habere
813 2469 940 2536 Vallum
956 2471 999 2556 1),
1023 2492 1096 2537 cum
1120 2472 1147 2538 B
1171 2473 1274 2560 magis
1299 2479 1398 2542 acute

123 2618 220 2683 quam
250 2617 323 2664 rere
352 2593 515 2661 interdum
546 2593 589 2659 sit
618 2594 791 2658 correctus.
838 2588 875 2654 4⁰
905 2589 941 2655 in
970 2588 1050 2658 locis
1076 2590 1183 2659 dubiis
1207 2592 1277 2660 fere
1300 2594 1399 2664 modo

123 2716 320 2784 audiendum
343 2734 413 2782 esse
436 2713 462 2780 B
486 2713 514 2779 si
537 2734 558 2780 a
580 2711 676 2780 Valla
699 2708 891 2777 stabiliatur.
931 2709 969 2776 5⁰
993 2732 1057 2777 nou
1089 2711 1189 2780 licere
1211 2713 1247 2778 in
1270 2715 1398 2782 uuiver-

125 2856 195 2902 sum
226 2836 265 2902 de
293 2833 451 2920 scriptura
472 2831 506 2897 in
529 2850 627 2915 quam
650 2828 827 2896 Vaticanus
850 2833 883 2894 et
908 2827 1001 2896 Valla
1025 2830 1211 2916 conspirent
1235 2830 1401 2901 dubitare.

158 3089 187 3157 t)
203 3091 282 3142 Libro
304 3093 395 3140 octavo
412 3085 554 3138 Classeuus
571 3088 680 3136 centum
702 3089 729 3134 et
746 3097 840 3134 noveru
858 3083 984 3136 lectiones
1002 3098 1017 3136 e
1033 3084 1162 3136 Vaticano
1181 3086 1302 3152 recipere
1320 3103 1402 3142 recu·

127 3187 206 3252 sarit,
225 3187 253 3238 iu
271 3184 368 3251 quibus
384 3183 438 3234 tere
454 3180 579 3232 omuibus
596 3178 671 3230 Valla
688 3179 820 3230 sinceram
837 3178 952 3230 serravit
969 3179 1139 3244 scripturam.
