<?xml version="1.0" encoding="UTF-8"?>
<!DOCTYPE html PUBLIC "-//W3C//DTD XHTML 1.0 Transitional//EN"
    "http://www.w3.org/TR/xhtml1/DTD/xhtml1-transitional.dtd">
<html xmlns="http://www.w3.org/1999/xhtml" xml:lang="en" lang="en">
 <head>
  <title>
</title>
<meta http-equiv="Content-Type" content="text/html;charset=utf-8" />
  <meta name='ocr-system' content='tesseract 3.04.00' />
  <meta name='ocr-capabilities' content='ocr_page ocr_carea ocr_par ocr_line ocrx_word'/>
</head>
<body>
  <div class='ocr_page' id='page_1' title='image "./dethucydidisvat01vallgoog_0082.png"; bbox 0 0 3000 4920; ppageno 0'>
   <div class='ocr_carea' id='block_1_1' title="bbox 685 332 728 409">
    <p class='ocr_par' dir='ltr' id='par_1_1' title="bbox 685 332 728 409">
     <span class='ocr_line' id='line_1_1' title="bbox 685 332 728 409; baseline 0.07 -3"><span class='ocrx_word' id='word_1_1' title='bbox 685 332 728 409; x_wconf 82' lang='lat'><strong>59</strong></span> 
     </span>
    </p>
   </div>
   <div class='ocr_carea' id='block_1_2' title="bbox 10 581 1343 2285">
    <p class='ocr_par' dir='ltr' id='par_1_2' title="bbox 52 581 1340 790">
     <span class='ocr_line' id='line_1_2' title="bbox 52 581 1339 667; baseline 0.002 -19"><span class='ocrx_word' id='word_1_2' title='bbox 52 589 145 650; x_wconf 79' lang='grc' dir='ltr'><em>τοῦτο</em></span> <span class='ocrx_word' id='word_1_3' title='bbox 183 584 376 650; x_wconf 87' lang='lat' dir='ltr'><strong>mutandum</strong></span> <span class='ocrx_word' id='word_1_4' title='bbox 411 590 482 652; x_wconf 88' lang='lat' dir='ltr'><strong>erat</strong></span> <span class='ocrx_word' id='word_1_5' title='bbox 514 584 547 650; x_wconf 95' lang='lat' dir='ltr'><strong>in</strong></span> <span class='ocrx_word' id='word_1_6' title='bbox 582 585 629 650; x_wconf 73' lang='lat' dir='ltr'><strong>tris</strong></span> <span class='ocrx_word' id='word_1_7' title='bbox 659 585 761 652; x_wconf 72' lang='grc' dir='ltr'><em>τοῦτο.</em></span> <span class='ocrx_word' id='word_1_8' title='bbox 787 586 828 651; x_wconf 84' lang='lat' dir='ltr'><strong>Et</strong></span> <span class='ocrx_word' id='word_1_9' title='bbox 882 585 923 651; x_wconf 91' lang='lat' dir='ltr'><strong>ad</strong></span> <span class='ocrx_word' id='word_1_10' title='bbox 953 581 1026 661; x_wconf 75' lang='grc' dir='ltr'><em>ἧσσον</em></span> <span class='ocrx_word' id='word_1_11' title='bbox 1051 588 1220 667; x_wconf 76' lang='grc' dir='ltr'><em>προσφιλεῖς</em></span> <span class='ocrx_word' id='word_1_12' title='bbox 1242 589 1274 650; x_wconf 92' lang='lat' dir='ltr'><strong>et</strong></span> <span class='ocrx_word' id='word_1_13' title='bbox 1297 583 1339 650; x_wconf 91' lang='lat' dir='ltr'><strong>ad</strong></span> 
     </span>
     <span class='ocr_line' id='line_1_3' title="bbox 55 701 1340 790; baseline 0.001 -21"><span class='ocrx_word' id='word_1_14' title='bbox 55 704 232 775; x_wconf 72' lang='grc' dir='ltr'><strong><em>πιστεύσας</em></strong></span> <span class='ocrx_word' id='word_1_15' title='bbox 257 703 457 770; x_wconf 81' lang='lat' dir='ltr'><strong>referendum</strong></span> <span class='ocrx_word' id='word_1_16' title='bbox 474 712 525 771; x_wconf 87' lang='lat' dir='ltr'><strong>est</strong></span> <span class='ocrx_word' id='word_1_17' title='bbox 539 705 599 769; x_wconf 78' lang='grc' dir='ltr'><em>οὶνθ·</em></span> <span class='ocrx_word' id='word_1_18' title='bbox 615 701 661 789; x_wconf 78' lang='grc' dir='ltr'><strong>ὧν,</strong></span> <span class='ocrx_word' id='word_1_19' title='bbox 680 704 765 788; x_wconf 88' lang='lat' dir='ltr'><strong>qnod</strong></span> <span class='ocrx_word' id='word_1_20' title='bbox 781 704 954 790; x_wconf 78' lang='lat' dir='ltr'><strong>respondet</strong></span> <span class='ocrx_word' id='word_1_21' title='bbox 971 704 1073 771; x_wconf 87' lang='lat' dir='ltr'><strong>latino</strong></span> <span class='ocrx_word' id='word_1_22' title='bbox 1088 703 1340 789; x_wconf 87' lang='lat' dir='ltr'><strong>„quapropter&#39;&#39;.</strong></span> 
     </span>
    </p>

    <p class='ocr_par' dir='ltr' id='par_1_3' title="bbox 58 823 1341 1149">
     <span class='ocr_line' id='line_1_4' title="bbox 103 823 1341 912; baseline -0.002 -20"><span class='ocrx_word' id='word_1_23' title='bbox 103 825 196 892; x_wconf 89' lang='lat' dir='ltr'><strong>Ibid.</strong></span> <span class='ocrx_word' id='word_1_24' title='bbox 230 824 323 912; x_wconf 83' lang='lat' dir='ltr'><strong>Vulg.</strong></span> <span class='ocrx_word' id='word_1_25' title='bbox 354 831 397 902; x_wconf 80' lang='grc' dir='ltr'><strong>μη</strong></span> <span class='ocrx_word' id='word_1_26' title='bbox 422 826 558 907; x_wconf 71' lang='grc' dir='ltr'><em>χρήμασι</em></span> <span class='ocrx_word' id='word_1_27' title='bbox 582 826 689 899; x_wconf 75' lang='grc' dir='ltr'><em>τεισοος</em></span> <span class='ocrx_word' id='word_1_28' title='bbox 711 825 811 902; x_wconf 70' lang='grc' dir='ltr'><em>τινοὶςη</em></span> <span class='ocrx_word' id='word_1_29' title='bbox 837 823 864 888; x_wconf 96' lang='grc' dir='ltr'>Β</span> <span class='ocrx_word' id='word_1_30' title='bbox 892 823 1113 909; x_wconf 84' lang='lat' dir='ltr'><strong>significanter</strong></span> <span class='ocrx_word' id='word_1_31' title='bbox 1135 830 1210 891; x_wconf 87' lang='lat' dir='ltr'><strong>ante</strong></span> <span class='ocrx_word' id='word_1_32' title='bbox 1234 826 1341 898; x_wconf 79' lang='grc' dir='ltr'><em>τείσεις</em></span> 
     </span>
     <span class='ocr_line' id='line_1_5' title="bbox 59 943 1341 1031; baseline -0.002 -20"><span class='ocrx_word' id='word_1_33' title='bbox 59 944 157 1011; x_wconf 83' lang='lat' dir='ltr'><strong>addit</strong></span> <span class='ocrx_word' id='word_1_34' title='bbox 180 945 229 1020; x_wconf 75' lang='grc' dir='ltr'><strong>δή.</strong></span> <span class='ocrx_word' id='word_1_35' title='bbox 261 944 355 1012; x_wconf 83' lang='lat' dir='ltr'><strong>Valla</strong></span> <span class='ocrx_word' id='word_1_36' title='bbox 376 945 411 1011; x_wconf 90' lang='lat' dir='ltr'><strong>in</strong></span> <span class='ocrx_word' id='word_1_37' title='bbox 433 945 542 1031; x_wconf 82' lang='lat' dir='ltr'><strong>parvis</strong></span> <span class='ocrx_word' id='word_1_38' title='bbox 565 945 646 1024; x_wconf 90' lang='lat' dir='ltr'><strong>illis,</strong></span> <span class='ocrx_word' id='word_1_39' title='bbox 671 945 766 1029; x_wconf 85' lang='lat' dir='ltr'><strong>quale</strong></span> <span class='ocrx_word' id='word_1_40' title='bbox 789 950 839 1012; x_wconf 90' lang='lat' dir='ltr'><strong>est</strong></span> <span class='ocrx_word' id='word_1_41' title='bbox 862 947 913 1023; x_wconf 77' lang='grc' dir='ltr'><strong>δη,</strong></span> <span class='ocrx_word' id='word_1_42' title='bbox 937 943 1100 1012; x_wconf 82' lang='lat' dir='ltr'><strong>vocabulis</strong></span> <span class='ocrx_word' id='word_1_43' title='bbox 1122 943 1341 1030; x_wconf 83' lang='lat' dir='ltr'><strong>exprimendis</strong></span> 
     </span>
     <span class='ocr_line' id='line_1_6' title="bbox 58 1062 629 1149; baseline -0.002 -20"><span class='ocrx_word' id='word_1_44' title='bbox 58 1062 154 1129; x_wconf 86' lang='lat' dir='ltr'><strong>hand</strong></span> <span class='ocrx_word' id='word_1_45' title='bbox 178 1085 331 1149; x_wconf 83' lang='lat' dir='ltr'><strong>magnam</strong></span> <span class='ocrx_word' id='word_1_46' title='bbox 355 1064 464 1149; x_wconf 82' lang='lat' dir='ltr'><strong>posuit</strong></span> <span class='ocrx_word' id='word_1_47' title='bbox 487 1085 629 1149; x_wconf 85' lang='lat' dir='ltr'><strong>oporam.</strong></span> 
     </span>
    </p>

    <p class='ocr_par' dir='ltr' id='par_1_4' title="bbox 60 1181 1342 1369">
     <span class='ocr_line' id='line_1_7' title="bbox 106 1181 1342 1269; baseline -0.001 -20"><span class='ocrx_word' id='word_1_48' title='bbox 106 1181 199 1249; x_wconf 88' lang='lat' dir='ltr'><strong>Ibid.</strong></span> <span class='ocrx_word' id='word_1_49' title='bbox 224 1181 317 1268; x_wconf 81' lang='lat' dir='ltr'><strong>Vulg.</strong></span> <span class='ocrx_word' id='word_1_50' title='bbox 341 1182 496 1254; x_wconf 70' lang='grc' dir='ltr'><em>τεισοιντές</em></span> <span class='ocrx_word' id='word_1_51' title='bbox 519 1208 560 1248; x_wconf 87' lang='grc' dir='ltr'><strong>τε</strong></span> <span class='ocrx_word' id='word_1_52' title='bbox 583 1182 650 1255; x_wconf 79' lang='grc' dir='ltr'><em>τοὺς</em></span> <span class='ocrx_word' id='word_1_53' title='bbox 671 1181 863 1264; x_wconf 68' lang='grc' dir='ltr'><em>ξυμμάχους.</em></span> <span class='ocrx_word' id='word_1_54' title='bbox 905 1182 1053 1269; x_wconf 85' lang='lat' dir='ltr'><strong>Spuriam</strong></span> <span class='ocrx_word' id='word_1_55' title='bbox 1078 1183 1227 1268; x_wconf 83' lang='lat' dir='ltr'><strong>copulam</strong></span> <span class='ocrx_word' id='word_1_56' title='bbox 1250 1182 1342 1248; x_wconf 88' lang='lat' dir='ltr'><strong>omit·</strong></span> 
     </span>
     <span class='ocr_line' id='line_1_8' title="bbox 60 1300 374 1369; baseline -0.006 0"><span class='ocrx_word' id='word_1_57' title='bbox 60 1306 138 1369; x_wconf 88' lang='lat' dir='ltr'><strong>tunt</strong></span> <span class='ocrx_word' id='word_1_58' title='bbox 161 1301 190 1366; x_wconf 91' lang='lat' dir='ltr'>B</span> <span class='ocrx_word' id='word_1_59' title='bbox 216 1305 248 1367; x_wconf 86' lang='lat' dir='ltr'><strong>et</strong></span> <span class='ocrx_word' id='word_1_60' title='bbox 270 1300 374 1368; x_wconf 85' lang='lat' dir='ltr'><strong>Valla.</strong></span> 
     </span>
    </p>

    <p class='ocr_par' dir='ltr' id='par_1_5' title="bbox 56 1417 1343 2102">
     <span class='ocr_line' id='line_1_9' title="bbox 105 1417 1342 1510; baseline -0.001 -25"><span class='ocrx_word' id='word_1_61' title='bbox 105 1417 134 1510; x_wconf 64' lang='grc' dir='ltr'>ξ</span> <span class='ocrx_word' id='word_1_62' title='bbox 166 1419 201 1485; x_wconf 87' lang='grc'><strong>5.</strong></span> <span class='ocrx_word' id='word_1_63' title='bbox 238 1419 331 1505; x_wconf 82' lang='lat' dir='ltr'><strong>Vulg.</strong></span> <span class='ocrx_word' id='word_1_64' title='bbox 372 1421 420 1486; x_wconf 74' lang='grc' dir='ltr'><strong>διὰ</strong></span> <span class='ocrx_word' id='word_1_65' title='bbox 450 1421 503 1494; x_wconf 75' lang='grc' dir='ltr'><strong>την</strong></span> <span class='ocrx_word' id='word_1_66' title='bbox 537 1424 639 1486; x_wconf 72' lang='grc' dir='ltr'><em>ποῖσοον</em></span> <span class='ocrx_word' id='word_1_67' title='bbox 673 1421 876 1498; x_wconf 75' lang='grc' dir='ltr'><strong>νενομισμένην</strong></span> <span class='ocrx_word' id='word_1_68' title='bbox 911 1420 1109 1506; x_wconf 72' lang='grc' dir='ltr'><em>ἐπιτήδευσιν,</em></span> <span class='ocrx_word' id='word_1_69' title='bbox 1149 1434 1171 1486; x_wconf 91' lang='grc' dir='ltr'><strong>Β</strong></span> <span class='ocrx_word' id='word_1_70' title='bbox 1207 1420 1255 1485; x_wconf 74' lang='grc' dir='ltr'><strong>διὰ</strong></span> <span class='ocrx_word' id='word_1_71' title='bbox 1290 1421 1342 1494; x_wconf 79' lang='grc' dir='ltr'><strong>την</strong></span> 
     </span>
     <span class='ocr_line' id='line_1_10' title="bbox 59 1539 1341 1622; baseline 0 -15"><span class='ocrx_word' id='word_1_72' title='bbox 59 1544 170 1607; x_wconf 69' lang='grc' dir='ltr'><em>τοῖσοον</em></span> <span class='ocrx_word' id='word_1_73' title='bbox 196 1541 230 1612; x_wconf 81' lang='grc' dir='ltr'><strong>ἐς</strong></span> <span class='ocrx_word' id='word_1_74' title='bbox 252 1541 382 1622; x_wconf 73' lang='grc' dir='ltr'><em>οὶρετῗην</em></span> <span class='ocrx_word' id='word_1_75' title='bbox 404 1539 606 1619; x_wconf 74' lang='grc' dir='ltr'><em>νενομισμένην</em></span> <span class='ocrx_word' id='word_1_76' title='bbox 621 1541 811 1616; x_wconf 75' lang='grc' dir='ltr'><em>ἐπιτήδευσιν.</em></span> <span class='ocrx_word' id='word_1_77' title='bbox 836 1539 1008 1609; x_wconf 82' lang='lat' dir='ltr'><strong>classenm</strong></span> <span class='ocrx_word' id='word_1_78' title='bbox 1023 1542 1057 1606; x_wconf 88' lang='lat' dir='ltr'><strong>in</strong></span> <span class='ocrx_word' id='word_1_79' title='bbox 1074 1541 1341 1608; x_wconf 79' lang='lat' dir='ltr'><strong>annotationibus</strong></span> 
     </span>
     <span class='ocr_line' id='line_1_11' title="bbox 58 1659 1343 1747; baseline 0 -21"><span class='ocrx_word' id='word_1_80' title='bbox 58 1659 188 1726; x_wconf 82' lang='lat' dir='ltr'><strong>criticis</strong></span> <span class='ocrx_word' id='word_1_81' title='bbox 213 1659 254 1725; x_wconf 92' lang='lat' dir='ltr'><strong>de</strong></span> <span class='ocrx_word' id='word_1_82' title='bbox 276 1659 390 1725; x_wconf 86' lang='lat' dir='ltr'><strong>horum</strong></span> <span class='ocrx_word' id='word_1_83' title='bbox 414 1659 582 1726; x_wconf 85' lang='lat' dir='ltr'><strong>verborum</strong></span> <span class='ocrx_word' id='word_1_84' title='bbox 607 1659 840 1744; x_wconf 82' lang='lat' dir='ltr'><strong>significatione</strong></span> <span class='ocrx_word' id='word_1_85' title='bbox 861 1661 1024 1747; x_wconf 79' lang='lat' dir='ltr'><strong>sapienter</strong></span> <span class='ocrx_word' id='word_1_86' title='bbox 1040 1662 1189 1728; x_wconf 80' lang='lat' dir='ltr'><strong>disseruit</strong></span> <span class='ocrx_word' id='word_1_87' title='bbox 1204 1661 1343 1745; x_wconf 88' lang='lat' dir='ltr'><strong>librique</strong></span> 
     </span>
     <span class='ocr_line' id='line_1_12' title="bbox 58 1776 1341 1862; baseline 0.002 -17"><span class='ocrx_word' id='word_1_88' title='bbox 58 1777 222 1845; x_wconf 86' lang='lat' dir='ltr'><strong>Vaticani</strong></span> <span class='ocrx_word' id='word_1_89' title='bbox 252 1777 280 1850; x_wconf 77' lang='grc' dir='ltr'><strong>ἕο</strong></span> <span class='ocrx_word' id='word_1_90' title='bbox 304 1779 407 1858; x_wconf 66' lang='lat' dir='ltr'><strong>otperto</strong></span> <span class='ocrx_word' id='word_1_91' title='bbox 429 1776 516 1843; x_wconf 87' lang='lat' dir='ltr'><strong>haud</strong></span> <span class='ocrx_word' id='word_1_92' title='bbox 539 1777 669 1862; x_wconf 91' lang='lat' dir='ltr'><strong>illepide</strong></span> <span class='ocrx_word' id='word_1_93' title='bbox 692 1778 845 1845; x_wconf 82' lang='lat' dir='ltr'><strong>defendit</strong></span> <span class='ocrx_word' id='word_1_94' title='bbox 892 1779 1025 1847; x_wconf 82' lang='lat' dir='ltr'><strong>Praeter</strong></span> <span class='ocrx_word' id='word_1_95' title='bbox 1048 1779 1195 1847; x_wconf 83' lang='lat' dir='ltr'><strong>scholion</strong></span> <span class='ocrx_word' id='word_1_96' title='bbox 1219 1780 1341 1847; x_wconf 90' lang='lat' dir='ltr'><strong>addita·</strong></span> 
     </span>
     <span class='ocr_line' id='line_1_13' title="bbox 56 1894 1342 1982; baseline -0.002 -15"><span class='ocrx_word' id='word_1_97' title='bbox 56 1904 211 1967; x_wconf 87' lang='lat' dir='ltr'><strong>mentum</strong></span> <span class='ocrx_word' id='word_1_98' title='bbox 253 1896 351 1963; x_wconf 85' lang='lat' dir='ltr'><strong>etiam</strong></span> <span class='ocrx_word' id='word_1_99' title='bbox 384 1894 504 1982; x_wconf 89' lang='lat' dir='ltr'><strong>probat</strong></span> <span class='ocrx_word' id='word_1_100' title='bbox 538 1894 652 1976; x_wconf 88' lang='lat' dir='ltr'><strong>Valla,</strong></span> <span class='ocrx_word' id='word_1_101' title='bbox 692 1897 753 1964; x_wconf 89' lang='lat' dir='ltr'><strong>etsi</strong></span> <span class='ocrx_word' id='word_1_102' title='bbox 782 1896 916 1964; x_wconf 89' lang='lat' dir='ltr'><strong>liberius</strong></span> <span class='ocrx_word' id='word_1_103' title='bbox 955 1900 1063 1966; x_wconf 86' lang='lat' dir='ltr'><strong>vertit:</strong></span> <span class='ocrx_word' id='word_1_104' title='bbox 1103 1899 1163 1980; x_wconf 84' lang='lat' dir='ltr'><strong>„ob</strong></span> <span class='ocrx_word' id='word_1_105' title='bbox 1202 1899 1342 1965; x_wconf 91' lang='lat' dir='ltr'><strong>studium</strong></span> 
     </span>
     <span class='ocr_line' id='line_1_14' title="bbox 56 2016 1342 2102; baseline -0.003 -16"><span class='ocrx_word' id='word_1_106' title='bbox 56 2017 196 2086; x_wconf 82' lang='lat' dir='ltr'><strong>virtutis</strong></span> <span class='ocrx_word' id='word_1_107' title='bbox 225 2017 313 2102; x_wconf 89' lang='lat' dir='ltr'><strong>quod</strong></span> <span class='ocrx_word' id='word_1_108' title='bbox 345 2037 438 2085; x_wconf 91' lang='lat' dir='ltr'><strong>omne</strong></span> <span class='ocrx_word' id='word_1_109' title='bbox 467 2016 502 2083; x_wconf 92' lang='lat' dir='ltr'><strong>in</strong></span> <span class='ocrx_word' id='word_1_110' title='bbox 535 2016 623 2083; x_wconf 90' lang='lat' dir='ltr'><strong>illam</strong></span> <span class='ocrx_word' id='word_1_111' title='bbox 655 2016 868 2100; x_wconf 79' lang='lat' dir='ltr'><strong>conferebat&#39;,</strong></span> <span class='ocrx_word' id='word_1_112' title='bbox 897 2017 970 2102; x_wconf 89' lang='lat' dir='ltr'><strong>jure</strong></span> <span class='ocrx_word' id='word_1_113' title='bbox 1001 2016 1099 2084; x_wconf 86' lang='lat' dir='ltr'><strong>etiam</strong></span> <span class='ocrx_word' id='word_1_114' title='bbox 1131 2018 1281 2084; x_wconf 91' lang='lat' dir='ltr'><strong>omittens</strong></span> <span class='ocrx_word' id='word_1_115' title='bbox 1313 2020 1342 2091; x_wconf 76' lang='grc' dir='ltr'><strong>ἐς</strong></span> 
     </span>
    </p>

    <p class='ocr_par' dir='ltr' id='par_1_6' title="bbox 10 2134 916 2285">
     <span class='ocr_line' id='line_1_15' title="bbox 10 2134 916 2285; baseline -0.008 -79"><span class='ocrx_word' id='word_1_116' title='bbox 10 2162 16 2285; x_wconf 66' lang='lat' dir='ltr'><strong>p</strong></span> <span class='ocrx_word' id='word_1_117' title='bbox 57 2142 94 2206; x_wconf 73' lang='lat' dir='ltr'><strong>rt</strong></span> <span class='ocrx_word' id='word_1_118' title='bbox 119 2139 216 2222; x_wconf 77' lang='grc' dir='ltr'><em>θεῖον,</em></span> <span class='ocrx_word' id='word_1_119' title='bbox 241 2134 328 2220; x_wconf 89' lang='lat' dir='ltr'><strong>quod</strong></span> <span class='ocrx_word' id='word_1_120' title='bbox 351 2137 444 2222; x_wconf 81' lang='lat' dir='ltr'><strong>vulgo</strong></span> <span class='ocrx_word' id='word_1_121' title='bbox 467 2141 544 2222; x_wconf 90' lang='lat' dir='ltr'><strong>post</strong></span> <span class='ocrx_word' id='word_1_122' title='bbox 566 2136 767 2214; x_wconf 77' lang='grc' dir='ltr'><em>νενομισμένην</em></span> <span class='ocrx_word' id='word_1_123' title='bbox 790 2136 916 2221; x_wconf 86' lang='lat' dir='ltr'><strong>legitor.</strong></span> 
     </span>
    </p>
   </div>
   <div class='ocr_carea' id='block_1_3' title="bbox 10 2324 1345 2466">
    <p class='ocr_par' dir='ltr' id='par_1_7' title="bbox 10 2324 1345 2466">
     <span class='ocr_line' id='line_1_16' title="bbox 10 2324 1345 2466; baseline 0.007 -28"><span class='ocrx_word' id='word_1_124' title='bbox 10 2324 15 2451; x_wconf 73' lang='lat' dir='ltr'><strong>t</strong></span> <span class='ocrx_word' id='word_1_125' title='bbox 104 2377 219 2464; x_wconf 77' lang='lat' dir='ltr'><strong>Caput</strong></span> <span class='ocrx_word' id='word_1_126' title='bbox 242 2376 284 2442; x_wconf 85' lang='grc'><strong>87</strong></span> <span class='ocrx_word' id='word_1_127' title='bbox 319 2374 344 2466; x_wconf 64' lang='grc' dir='ltr'>ξ</span> <span class='ocrx_word' id='word_1_128' title='bbox 370 2377 398 2442; x_wconf 87' lang='lat' dir='ltr'><strong>l.</strong></span> <span class='ocrx_word' id='word_1_129' title='bbox 430 2375 523 2462; x_wconf 83' lang='lat' dir='ltr'><strong>Vulg.</strong></span> <span class='ocrx_word' id='word_1_130' title='bbox 555 2378 585 2442; x_wconf 84' lang='grc' dir='ltr'><strong>ἐν</strong></span> <span class='ocrx_word' id='word_1_131' title='bbox 614 2376 674 2458; x_wconf 75' lang='lat' dir='ltr'><strong>yoip</strong></span> <span class='ocrx_word' id='word_1_132' title='bbox 705 2377 790 2458; x_wconf 81' lang='grc' dir='ltr'><em>κοίλῳ</em></span> <span class='ocrx_word' id='word_1_133' title='bbox 822 2379 918 2458; x_wconf 74' lang='grc' dir='ltr'><strong><em>χωρίῳ</em></strong></span> <span class='ocrx_word' id='word_1_134' title='bbox 940 2375 1026 2450; x_wconf 75' lang='grc' dir='ltr'><em>ὄντος</em></span> <span class='ocrx_word' id='word_1_135' title='bbox 1049 2379 1194 2463; x_wconf 77' lang='grc' dir='ltr'><strong>τολλοὺο;</strong></span> <span class='ocrx_word' id='word_1_136' title='bbox 1220 2379 1247 2443; x_wconf 92' lang='grc' dir='ltr'><strong>Β</strong></span> <span class='ocrx_word' id='word_1_137' title='bbox 1270 2387 1345 2464; x_wconf 86' lang='lat' dir='ltr'><strong>post</strong></span> 
     </span>
    </p>
   </div>
   <div class='ocr_carea' id='block_1_4' title="bbox 10 2495 1378 4116">
    <p class='ocr_par' dir='ltr' id='par_1_8' title="bbox 10 2478 1378 4116">
     <span class='ocr_line' id='line_1_17' title="bbox 57 2495 1345 2582; baseline 0 -16"><span class='ocrx_word' id='word_1_138' title='bbox 57 2498 149 2571; x_wconf 72' lang='grc' dir='ltr'><em>ὄντος</em></span> <span class='ocrx_word' id='word_1_139' title='bbox 178 2496 281 2563; x_wconf 87' lang='lat' dir='ltr'><strong>habet</strong></span> <span class='ocrx_word' id='word_1_140' title='bbox 302 2495 353 2562; x_wconf 73' lang='lat' dir='ltr'><strong>nal</strong></span> <span class='ocrx_word' id='word_1_141' title='bbox 376 2495 466 2577; x_wconf 63' lang='lat' dir='ltr'><strong>aalys</strong></span> <span class='ocrx_word' id='word_1_142' title='bbox 489 2496 532 2562; x_wconf 83' lang='lat' dir='ltr'><strong>ad</strong></span> <span class='ocrx_word' id='word_1_143' title='bbox 556 2499 748 2564; x_wconf 85' lang='lat' dir='ltr'><strong>sententiam</strong></span> <span class='ocrx_word' id='word_1_144' title='bbox 771 2496 941 2582; x_wconf 85' lang='lat' dir='ltr'><strong>aptissima</strong></span> <span class='ocrx_word' id='word_1_145' title='bbox 965 2504 997 2564; x_wconf 90' lang='lat' dir='ltr'><strong>et</strong></span> <span class='ocrx_word' id='word_1_146' title='bbox 1022 2497 1089 2564; x_wconf 90' lang='lat' dir='ltr'><strong>sine</strong></span> <span class='ocrx_word' id='word_1_147' title='bbox 1106 2498 1202 2564; x_wconf 89' lang='lat' dir='ltr'><strong>dubio</strong></span> <span class='ocrx_word' id='word_1_148' title='bbox 1220 2500 1345 2566; x_wconf 86' lang='lat' dir='ltr'><strong>sincera</strong></span> 
     </span>
     <span class='ocr_line' id='line_1_18' title="bbox 10 2617 1343 2735; baseline 0.003 -51"><span class='ocrx_word' id='word_1_149' title='bbox 10 2622 14 2735; x_wconf 50' lang='lat' dir='ltr'><strong>p</strong></span> <span class='ocrx_word' id='word_1_150' title='bbox 56 2617 184 2704; x_wconf 78' lang='lat' dir='ltr'><strong>verba,</strong></span> <span class='ocrx_word' id='word_1_151' title='bbox 207 2637 292 2702; x_wconf 88' lang='lat' dir='ltr'><strong>quae</strong></span> <span class='ocrx_word' id='word_1_152' title='bbox 315 2617 410 2684; x_wconf 87' lang='lat' dir='ltr'><strong>Valla</strong></span> <span class='ocrx_word' id='word_1_153' title='bbox 432 2637 560 2702; x_wconf 87' lang='lat' dir='ltr'><strong>qnoque</strong></span> <span class='ocrx_word' id='word_1_154' title='bbox 581 2617 743 2683; x_wconf 90' lang='lat' dir='ltr'><strong>reddidit:</strong></span> <span class='ocrx_word' id='word_1_155' title='bbox 779 2617 961 2703; x_wconf 89' lang='lat' dir='ltr'><strong>„Siquidem</strong></span> <span class='ocrx_word' id='word_1_156' title='bbox 986 2640 1084 2703; x_wconf 87' lang='lat' dir='ltr'><strong>quum</strong></span> <span class='ocrx_word' id='word_1_157' title='bbox 1109 2624 1158 2686; x_wconf 92' lang='lat' dir='ltr'><strong>tot</strong></span> <span class='ocrx_word' id='word_1_158' title='bbox 1181 2627 1288 2688; x_wconf 89' lang='lat' dir='ltr'><strong>essent</strong></span> <span class='ocrx_word' id='word_1_159' title='bbox 1309 2622 1343 2688; x_wconf 91' lang='lat' dir='ltr'><strong>in</strong></span> 
     </span>
     <span class='ocr_line' id='line_1_19' title="bbox 10 2736 516 2825; baseline -0.006 -20"><span class='ocrx_word' id='word_1_160' title='bbox 10 2778 12 2825; x_wconf 92' lang='lat'>:</span> <span class='ocrx_word' id='word_1_161' title='bbox 56 2739 133 2805; x_wconf 87' lang='lat' dir='ltr'><strong>loon</strong></span> <span class='ocrx_word' id='word_1_162' title='bbox 159 2737 316 2822; x_wconf 89' lang='lat' dir='ltr'><strong>depresso</strong></span> <span class='ocrx_word' id='word_1_163' title='bbox 339 2743 373 2802; x_wconf 89' lang='lat' dir='ltr'><strong>et</strong></span> <span class='ocrx_word' id='word_1_164' title='bbox 395 2736 516 2803; x_wconf 87' lang='lat' dir='ltr'><strong>aroto&#39;&#39;.</strong></span> 
     </span>
     <span class='ocr_line' id='line_1_20' title="bbox 10 2856 1342 2949; baseline 0.001 -25"><span class='ocrx_word' id='word_1_165' title='bbox 10 2906 13 2949; x_wconf 43' lang='grc' dir='ltr'><em>ι</em></span> <span class='ocrx_word' id='word_1_166' title='bbox 106 2856 195 2924; x_wconf 91' lang='lat' dir='ltr'><strong>Ibid.</strong></span> <span class='ocrx_word' id='word_1_167' title='bbox 219 2856 311 2944; x_wconf 79' lang='lat' dir='ltr'><strong>Vulg.</strong></span> <span class='ocrx_word' id='word_1_168' title='bbox 333 2859 363 2930; x_wconf 79' lang='grc' dir='ltr'><strong>ἐς</strong></span> <span class='ocrx_word' id='word_1_169' title='bbox 387 2857 546 2942; x_wconf 76' lang='grc' dir='ltr'><em>σὶσθένειοον,</em></span> <span class='ocrx_word' id='word_1_170' title='bbox 573 2857 788 2942; x_wconf 83' lang='lat' dir='ltr'><strong>Bperperam</strong></span> <span class='ocrx_word' id='word_1_171' title='bbox 806 2856 854 2922; x_wconf 82' lang='grc' dir='ltr'><strong>ἐτ’</strong></span> <span class='ocrx_word' id='word_1_172' title='bbox 868 2859 1011 2941; x_wconf 69' lang='grc' dir='ltr'><em>ἀσθενείᾳ.</em></span> <span class='ocrx_word' id='word_1_173' title='bbox 1036 2858 1130 2926; x_wconf 85' lang='lat' dir='ltr'><strong>Valla</strong></span> <span class='ocrx_word' id='word_1_174' title='bbox 1145 2859 1224 2925; x_wconf 92' lang='lat' dir='ltr'><strong>nihil</strong></span> <span class='ocrx_word' id='word_1_175' title='bbox 1240 2861 1342 2926; x_wconf 86' lang='lat' dir='ltr'><strong>docet.</strong></span> 
     </span>
     <span class='ocr_line' id='line_1_21' title="bbox 106 2974 1341 3069; baseline 0.005 -27"><span class='ocrx_word' id='word_1_176' title='bbox 106 2976 132 3069; x_wconf 64' lang='grc' dir='ltr'><strong>ξ</strong></span> <span class='ocrx_word' id='word_1_177' title='bbox 157 2979 191 3042; x_wconf 80' lang='grc'><strong>2.</strong></span> <span class='ocrx_word' id='word_1_178' title='bbox 225 2974 316 3062; x_wconf 85' lang='lat' dir='ltr'><strong>Vulg.</strong></span> <span class='ocrx_word' id='word_1_179' title='bbox 347 2975 572 3056; x_wconf 77' lang='grc' dir='ltr'><em>ξοννενημὲνοον,</em></span> <span class='ocrx_word' id='word_1_180' title='bbox 601 2976 628 3042; x_wconf 92' lang='grc' dir='ltr'>Β</span> <span class='ocrx_word' id='word_1_181' title='bbox 652 2997 801 3061; x_wconf 81' lang='lat' dir='ltr'><strong>perverse</strong></span> <span class='ocrx_word' id='word_1_182' title='bbox 824 2976 1082 3057; x_wconf 73' lang='grc' dir='ltr'><em>ξυνενηνεγμένων.</em></span> <span class='ocrx_word' id='word_1_183' title='bbox 1129 2979 1223 3046; x_wconf 86' lang='lat' dir='ltr'><strong>Valla</strong></span> <span class='ocrx_word' id='word_1_184' title='bbox 1249 3003 1341 3060; x_wconf 81' lang='lat' dir='ltr'><strong>„ooa-</strong></span> 
     </span>
     <span class='ocr_line' id='line_1_22' title="bbox 57 3094 228 3164; baseline -0.006 0"><span class='ocrx_word' id='word_1_185' title='bbox 57 3094 228 3164; x_wconf 59' lang='lat' dir='ltr'><strong>denatat</strong></span> 
     </span>
     <span class='ocr_line' id='line_1_23' title="bbox 105 3194 1378 3300; baseline 0.001 -19"><span class='ocrx_word' id='word_1_186' title='bbox 105 3213 194 3282; x_wconf 90' lang='lat' dir='ltr'><strong>Ibid.</strong></span> <span class='ocrx_word' id='word_1_187' title='bbox 217 3211 310 3297; x_wconf 84' lang='lat' dir='ltr'><strong>Vulg.</strong></span> <span class='ocrx_word' id='word_1_188' title='bbox 334 3214 364 3277; x_wconf 85' lang='grc' dir='ltr'><strong>ἕν</strong></span> <span class='ocrx_word' id='word_1_189' title='bbox 390 3209 506 3292; x_wconf 81' lang='grc' dir='ltr'><em>τοιούτῳ</em></span> <span class='ocrx_word' id='word_1_190' title='bbox 529 3213 633 3295; x_wconf 77' lang='grc' dir='ltr'><strong><em>χωρίῳ,</em></strong></span> <span class='ocrx_word' id='word_1_191' title='bbox 656 3212 683 3277; x_wconf 96' lang='grc' dir='ltr'>Β</span> <span class='ocrx_word' id='word_1_192' title='bbox 705 3218 743 3278; x_wconf 90' lang='lat' dir='ltr'><strong>ut</strong></span> <span class='ocrx_word' id='word_1_193' title='bbox 765 3213 891 3281; x_wconf 85' lang='lat' dir='ltr'><strong>videtur</strong></span> <span class='ocrx_word' id='word_1_194' title='bbox 912 3215 985 3300; x_wconf 84' lang='lat' dir='ltr'><strong>jure</strong></span> <span class='ocrx_word' id='word_1_195' title='bbox 1002 3216 1030 3279; x_wconf 81' lang='grc' dir='ltr'><strong>ἐν</strong></span> <span class='ocrx_word' id='word_1_196' title='bbox 1047 3217 1088 3296; x_wconf 82' lang='grc' dir='ltr'><strong>τῷ</strong></span> <span class='ocrx_word' id='word_1_197' title='bbox 1104 3218 1219 3298; x_wconf 82' lang='grc' dir='ltr'><em>τοίοντῳ</em></span> <span class='ocrx_word' id='word_1_198' title='bbox 1234 3219 1339 3299; x_wconf 75' lang='grc' dir='ltr'><strong><em>χωρίῳ.</em></strong></span> <span class='ocrx_word' id='word_1_199' title='bbox 1375 3194 1378 3200; x_wconf 93' lang='lat'>.</span> 
     </span>
     <span class='ocr_line' id='line_1_24' title="bbox 59 3332 1339 3418; baseline 0.002 -18"><span class='ocrx_word' id='word_1_200' title='bbox 59 3332 231 3400; x_wconf 78' lang='lat' dir='ltr'><strong>Articulos</strong></span> <span class='ocrx_word' id='word_1_201' title='bbox 254 3336 388 3418; x_wconf 89' lang='lat' dir='ltr'><strong>propter</strong></span> <span class='ocrx_word' id='word_1_202' title='bbox 403 3352 535 3416; x_wconf 92' lang='lat' dir='ltr'><strong>prorsus</strong></span> <span class='ocrx_word' id='word_1_203' title='bbox 552 3333 746 3416; x_wconf 80' lang='lat' dir='ltr'><strong>singularem</strong></span> <span class='ocrx_word' id='word_1_204' title='bbox 763 3334 961 3418; x_wconf 82' lang='lat' dir='ltr'><strong>captivorum</strong></span> <span class='ocrx_word' id='word_1_205' title='bbox 979 3335 1198 3402; x_wconf 83' lang='lat' dir='ltr'><strong>condicionem</strong></span> <span class='ocrx_word' id='word_1_206' title='bbox 1216 3335 1339 3404; x_wconf 85' lang='lat' dir='ltr'><strong>Stahlio</strong></span> 
     </span>
     <span class='ocr_line' id='line_1_25' title="bbox 57 3449 934 3530; baseline 0.001 -10"><span class='ocrx_word' id='word_1_207' title='bbox 57 3450 266 3520; x_wconf 80' lang='lat' dir='ltr'><strong>necessarius</strong></span> <span class='ocrx_word' id='word_1_208' title='bbox 289 3469 360 3516; x_wconf 89' lang='lat' dir='ltr'><strong>esse</strong></span> <span class='ocrx_word' id='word_1_209' title='bbox 383 3449 515 3517; x_wconf 84' lang='lat' dir='ltr'><strong>ridetur.</strong></span> <span class='ocrx_word' id='word_1_210' title='bbox 551 3449 646 3517; x_wconf 84' lang='lat' dir='ltr'><strong>Valla</strong></span> <span class='ocrx_word' id='word_1_211' title='bbox 671 3451 725 3530; x_wconf 89' lang='lat' dir='ltr'><strong>„in</strong></span> <span class='ocrx_word' id='word_1_212' title='bbox 747 3452 808 3518; x_wconf 90' lang='lat' dir='ltr'><strong>hoo</strong></span> <span class='ocrx_word' id='word_1_213' title='bbox 831 3452 934 3521; x_wconf 88' lang='lat' dir='ltr'><strong>loeo&#39;’.</strong></span> 
     </span>
     <span class='ocr_line' id='line_1_26' title="bbox 104 3568 617 3662; baseline -0.006 -25"><span class='ocrx_word' id='word_1_214' title='bbox 104 3569 130 3662; x_wconf 66' lang='grc' dir='ltr'>ξ</span> <span class='ocrx_word' id='word_1_215' title='bbox 154 3571 188 3636; x_wconf 86' lang='grc'><strong>3.</strong></span> <span class='ocrx_word' id='word_1_216' title='bbox 209 3571 236 3637; x_wconf 93' lang='grc' dir='ltr'>Β</span> <span class='ocrx_word' id='word_1_217' title='bbox 258 3569 379 3655; x_wconf 88' lang='lat' dir='ltr'><strong>injuria</strong></span> <span class='ocrx_word' id='word_1_218' title='bbox 400 3569 455 3646; x_wconf 77' lang='grc' dir='ltr'><strong>μὲν</strong></span> <span class='ocrx_word' id='word_1_219' title='bbox 478 3568 617 3654; x_wconf 84' lang='lat' dir='ltr'><strong>negligit.</strong></span> 
     </span>
     <span class='ocr_line' id='line_1_27' title="bbox 105 3685 1338 3780; baseline 0.006 -28"><span class='ocrx_word' id='word_1_220' title='bbox 105 3687 131 3780; x_wconf 57' lang='grc' dir='ltr'>ᾗ</span> <span class='ocrx_word' id='word_1_221' title='bbox 156 3688 189 3754; x_wconf 87' lang='grc'><strong>4.</strong></span> <span class='ocrx_word' id='word_1_222' title='bbox 214 3686 307 3772; x_wconf 83' lang='lat' dir='ltr'><strong>Vulg.</strong></span> <span class='ocrx_word' id='word_1_223' title='bbox 330 3686 502 3767; x_wconf 75' lang='grc' dir='ltr'><em>ἕληφνησοιν</em></span> <span class='ocrx_word' id='word_1_224' title='bbox 524 3687 548 3750; x_wconf 79' lang='grc' dir='ltr'><strong>δ’</strong></span> <span class='ocrx_word' id='word_1_225' title='bbox 571 3687 597 3752; x_wconf 81' lang='grc' dir='ltr'><strong>οἱ</strong></span> <span class='ocrx_word' id='word_1_226' title='bbox 618 3685 792 3766; x_wconf 79' lang='grc' dir='ltr'><em>ξύμσοοντεο</em></span> <span class='ocrx_word' id='word_1_227' title='bbox 815 3696 920 3769; x_wconf 86' lang='lat' dir='ltr'><strong>recte;</strong></span> <span class='ocrx_word' id='word_1_228' title='bbox 943 3691 1032 3757; x_wconf 84' lang='lat' dir='ltr'><strong>loeus</strong></span> <span class='ocrx_word' id='word_1_229' title='bbox 1056 3692 1140 3757; x_wconf 93' lang='lat' dir='ltr'><strong>enim</strong></span> <span class='ocrx_word' id='word_1_230' title='bbox 1164 3692 1269 3759; x_wconf 89' lang='lat' dir='ltr'><strong>nullus</strong></span> <span class='ocrx_word' id='word_1_231' title='bbox 1289 3699 1338 3759; x_wconf 88' lang='lat' dir='ltr'><strong>est</strong></span> 
     </span>
     <span class='ocr_line' id='line_1_28' title="bbox 60 3806 1093 3893; baseline -0.003 -17"><span class='ocrx_word' id='word_1_232' title='bbox 60 3808 222 3879; x_wconf 80' lang='lat' dir='ltr'><strong>vocabulo</strong></span> <span class='ocrx_word' id='word_1_233' title='bbox 244 3807 294 3874; x_wconf 74' lang='grc' dir='ltr'><strong>κο)</strong></span> <span class='ocrx_word' id='word_1_234' title='bbox 320 3812 398 3874; x_wconf 84' lang='lat' dir='ltr'><strong>ante</strong></span> <span class='ocrx_word' id='word_1_235' title='bbox 418 3807 442 3872; x_wconf 84' lang='lat' dir='ltr'><strong>oi</strong></span> <span class='ocrx_word' id='word_1_236' title='bbox 465 3807 498 3872; x_wconf 91' lang='lat' dir='ltr'><strong>in</strong></span> <span class='ocrx_word' id='word_1_237' title='bbox 522 3806 549 3871; x_wconf 96' lang='lat' dir='ltr'><strong>B</strong></span> <span class='ocrx_word' id='word_1_238' title='bbox 572 3807 694 3873; x_wconf 88' lang='lat' dir='ltr'><strong>inserto</strong></span> <span class='ocrx_word' id='word_1_239' title='bbox 718 3812 751 3873; x_wconf 89' lang='lat' dir='ltr'><strong>et</strong></span> <span class='ocrx_word' id='word_1_240' title='bbox 773 3827 794 3873; x_wconf 89' lang='lat' dir='ltr'><strong>a</strong></span> <span class='ocrx_word' id='word_1_241' title='bbox 818 3807 915 3874; x_wconf 84' lang='lat' dir='ltr'><strong>Valla</strong></span> <span class='ocrx_word' id='word_1_242' title='bbox 938 3808 1093 3893; x_wconf 84' lang='lat' dir='ltr'><strong>neglecto.</strong></span> 
     </span>
     <span class='ocr_line' id='line_1_29' title="bbox 103 3925 1335 4012; baseline -0.002 -17"><span class='ocrx_word' id='word_1_243' title='bbox 103 3926 191 3996; x_wconf 85' lang='lat' dir='ltr'><strong>Ibid.</strong></span> <span class='ocrx_word' id='word_1_244' title='bbox 214 3925 306 4012; x_wconf 74' lang='lat' dir='ltr'><strong>Vulg.</strong></span> <span class='ocrx_word' id='word_1_245' title='bbox 328 3925 464 4007; x_wconf 71' lang='grc' dir='ltr'><strong>ἀκριβείᾳ</strong></span> <span class='ocrx_word' id='word_1_246' title='bbox 486 3926 541 4001; x_wconf 78' lang='grc' dir='ltr'><strong>μὲν</strong></span> <span class='ocrx_word' id='word_1_247' title='bbox 561 3927 699 4005; x_wconf 71' lang='grc' dir='ltr'><em>χαλεπὸν</em></span> <span class='ocrx_word' id='word_1_248' title='bbox 721 3925 859 4002; x_wconf 77' lang='grc' dir='ltr'><em>ἐξειπεῖν,</em></span> <span class='ocrx_word' id='word_1_249' title='bbox 887 3937 909 3990; x_wconf 91' lang='grc' dir='ltr'>Β</span> <span class='ocrx_word' id='word_1_250' title='bbox 930 3926 1030 3990; x_wconf 77' lang='grc' dir='ltr'><em>εἰπεῖν.</em></span> <span class='ocrx_word' id='word_1_251' title='bbox 1062 3925 1174 3991; x_wconf 78' lang='lat' dir='ltr'><strong>Valla:</strong></span> <span class='ocrx_word' id='word_1_252' title='bbox 1202 3933 1335 4006; x_wconf 82' lang='lat' dir='ltr'><strong>„exacte</strong></span> 
     </span>
     <span class='ocr_line' id='line_1_30' title="bbox 61 4043 362 4116; baseline -0.017 -2"><span class='ocrx_word' id='word_1_253' title='bbox 61 4046 171 4116; x_wconf 86' lang='lat' dir='ltr'><strong>dioere</strong></span> <span class='ocrx_word' id='word_1_254' title='bbox 192 4043 362 4112; x_wconf 85' lang='lat' dir='ltr'><strong>ardonm’&#39;.</strong></span> 
     </span>
    </p>
   </div>
   <div class='ocr_carea' id='block_1_5' title="bbox 0 0 1504 4920">
    <p class='ocr_par' dir='ltr' id='par_1_9' title="bbox 0 0 1504 4920">
     <span class='ocr_line' id='line_1_31' title="bbox 0 0 1504 4920; baseline 0 0"><span class='ocrx_word' id='word_1_255' title='bbox 0 0 1504 4920; x_wconf 95' lang='lat' dir='ltr'><strong> </strong></span> 
     </span>
    </p>
   </div>
  </div>
 </body>
</html>
