<?xml version="1.0" encoding="UTF-8"?>
<!DOCTYPE html PUBLIC "-//W3C//DTD XHTML 1.0 Transitional//EN"
    "http://www.w3.org/TR/xhtml1/DTD/xhtml1-transitional.dtd">
<html xmlns="http://www.w3.org/1999/xhtml" xml:lang="en" lang="en">
 <head>
  <title>
</title>
<meta http-equiv="Content-Type" content="text/html;charset=utf-8" />
  <meta name='ocr-system' content='tesseract 3.04.00' />
  <meta name='ocr-capabilities' content='ocr_page ocr_carea ocr_par ocr_line ocrx_word'/>
</head>
<body>
  <div class='ocr_page' id='page_1' title='image "./dethucydidisvat01vallgoog_0153.png"; bbox 0 0 3000 4920; ppageno 0'>
   <div class='ocr_carea' id='block_1_1' title="bbox 764 542 835 607">
    <p class='ocr_par' dir='ltr' id='par_1_1' title="bbox 764 542 835 607">
     <span class='ocr_line' id='line_1_1' title="bbox 764 542 835 607; baseline 0 0"><span class='ocrx_word' id='word_1_1' title='bbox 764 542 835 607; x_wconf 89' lang='lat' dir='ltr'><strong>XII.</strong></span> 
     </span>
    </p>
   </div>
   <div class='ocr_carea' id='block_1_2' title="bbox 213 776 1104 1015">
    <p class='ocr_par' dir='ltr' id='par_1_2' title="bbox 213 776 1104 1015">
     <span class='ocr_line' id='line_1_2' title="bbox 213 776 763 865; baseline 0.011 -23"><span class='ocrx_word' id='word_1_2' title='bbox 213 776 274 844; x_wconf 87' lang='lat' dir='ltr'>Tit.</span> <span class='ocrx_word' id='word_1_3' title='bbox 299 778 364 846; x_wconf 78' lang='lat' dir='ltr'>Lis.</span> <span class='ocrx_word' id='word_1_4' title='bbox 387 778 408 845; x_wconf 92' lang='lat' dir='ltr'>l.</span> <span class='ocrx_word' id='word_1_5' title='bbox 433 778 541 845; x_wconf 88' lang='lat' dir='ltr'>XXIII</span> <span class='ocrx_word' id='word_1_6' title='bbox 563 802 590 847; x_wconf 90' lang='lat' dir='ltr'>c.</span> <span class='ocrx_word' id='word_1_7' title='bbox 614 781 656 846; x_wconf 88' lang='lat'>38</span> <span class='ocrx_word' id='word_1_8' title='bbox 681 786 701 865; x_wconf 68' lang='grc' dir='ltr'><strong>ξ</strong></span> <span class='ocrx_word' id='word_1_9' title='bbox 726 781 763 849; x_wconf 75' lang='lat'>7:</span> 
     </span>
     <span class='ocr_line' id='line_1_3' title="bbox 490 926 1104 1015; baseline 0 -22"><span class='ocrx_word' id='word_1_10' title='bbox 490 926 630 1012; x_wconf 81' lang='lat' dir='ltr'>Captivis</span> <span class='ocrx_word' id='word_1_11' title='bbox 652 928 687 994; x_wconf 95' lang='lat' dir='ltr'>in</span> <span class='ocrx_word' id='word_1_12' title='bbox 709 928 836 997; x_wconf 85' lang='lat' dir='ltr'>vincula</span> <span class='ocrx_word' id='word_1_13' title='bbox 858 929 973 997; x_wconf 89' lang='lat' dir='ltr'>cendi</span> <span class='ocrx_word' id='word_1_14' title='bbox 993 928 1104 1015; x_wconf 87' lang='lat' dir='ltr'>jussis.</span> 
     </span>
    </p>
   </div>
   <div class='ocr_carea' id='block_1_3' title="bbox 212 1072 572 1161">
    <p class='ocr_par' dir='ltr' id='par_1_3' title="bbox 212 1072 572 1161">
     <span class='ocr_line' id='line_1_4' title="bbox 212 1072 572 1161; baseline 0.006 -22"><span class='ocrx_word' id='word_1_15' title='bbox 212 1072 414 1161; x_wconf 82' lang='lat' dir='ltr'>Ocrrigatur:</span> <span class='ocrx_word' id='word_1_16' title='bbox 438 1074 572 1143; x_wconf 88' lang='lat' dir='ltr'>conici.</span> 
     </span>
    </p>
   </div>
   <div class='ocr_carea' id='block_1_4' title="bbox 753 1314 841 1381">
    <p class='ocr_par' dir='ltr' id='par_1_4' title="bbox 753 1314 841 1381">
     <span class='ocr_line' id='line_1_5' title="bbox 753 1314 841 1381; baseline 0.011 -1"><span class='ocrx_word' id='word_1_17' title='bbox 753 1314 841 1381; x_wconf 90' lang='lat' dir='ltr'>XIII.</span> 
     </span>
    </p>
   </div>
   <div class='ocr_carea' id='block_1_5' title="bbox 212 1529 732 1637">
    <p class='ocr_par' dir='ltr' id='par_1_5' title="bbox 212 1529 732 1637">
     <span class='ocr_line' id='line_1_6' title="bbox 212 1529 732 1637; baseline 0.015 -21"><span class='ocrx_word' id='word_1_18' title='bbox 212 1549 245 1617; x_wconf 83' lang='lat' dir='ltr'>O.</span> <span class='ocrx_word' id='word_1_19' title='bbox 268 1550 364 1620; x_wconf 81' lang='lat' dir='ltr'>Corn.</span> <span class='ocrx_word' id='word_1_20' title='bbox 387 1529 594 1637; x_wconf 75' lang='lat' dir='ltr'>TacAgric.</span> <span class='ocrx_word' id='word_1_21' title='bbox 619 1575 645 1621; x_wconf 88' lang='lat' dir='ltr'>e.</span> <span class='ocrx_word' id='word_1_22' title='bbox 669 1557 732 1624; x_wconf 79' lang='lat'>28:</span> 
     </span>
    </p>
   </div>
   <div class='ocr_carea' id='block_1_6' title="bbox 468 1702 1128 1792">
    <p class='ocr_par' dir='ltr' id='par_1_6' title="bbox 468 1702 1128 1792">
     <span class='ocr_line' id='line_1_7' title="bbox 468 1702 1128 1792; baseline 0.006 -25"><span class='ocrx_word' id='word_1_23' title='bbox 468 1702 514 1770; x_wconf 90' lang='lat' dir='ltr'>Ac</span> <span class='ocrx_word' id='word_1_24' title='bbox 538 1726 634 1790; x_wconf 88' lang='lat' dir='ltr'>saepe</span> <span class='ocrx_word' id='word_1_25' title='bbox 657 1707 808 1791; x_wconf 79' lang='lat' dir='ltr'>victores,</span> <span class='ocrx_word' id='word_1_26' title='bbox 834 1706 1008 1792; x_wconf 87' lang='lat' dir='ltr'>aliquande</span> <span class='ocrx_word' id='word_1_27' title='bbox 1031 1706 1128 1792; x_wconf 88' lang='lat' dir='ltr'>pulsi.</span> 
     </span>
    </p>
   </div>
   <div class='ocr_carea' id='block_1_7' title="bbox 211 1845 1159 1940">
    <p class='ocr_par' dir='ltr' id='par_1_7' title="bbox 211 1845 1159 1940">
     <span class='ocr_line' id='line_1_8' title="bbox 211 1845 1159 1940; baseline 0.004 -26"><span class='ocrx_word' id='word_1_28' title='bbox 211 1845 396 1932; x_wconf 80' lang='lat' dir='ltr'>Legendum</span> <span class='ocrx_word' id='word_1_29' title='bbox 419 1854 484 1917; x_wconf 88' lang='lat' dir='ltr'>est:</span> <span class='ocrx_word' id='word_1_30' title='bbox 508 1871 547 1918; x_wconf 91' lang='lat' dir='ltr'>ae</span> <span class='ocrx_word' id='word_1_31' title='bbox 569 1852 742 1938; x_wconf 87' lang='lat' dir='ltr'>aliquando</span> <span class='ocrx_word' id='word_1_32' title='bbox 765 1854 919 1940; x_wconf 83' lang='lat' dir='ltr'>victores,</span> <span class='ocrx_word' id='word_1_33' title='bbox 944 1874 1040 1939; x_wconf 88' lang='lat' dir='ltr'>saepe</span> <span class='ocrx_word' id='word_1_34' title='bbox 1063 1852 1159 1939; x_wconf 88' lang='lat' dir='ltr'>pulsi.</span> 
     </span>
    </p>
   </div>
   <div class='ocr_carea' id='block_1_8' title="bbox 759 2106 840 2172">
    <p class='ocr_par' dir='ltr' id='par_1_8' title="bbox 759 2106 840 2172">
     <span class='ocr_line' id='line_1_9' title="bbox 759 2106 840 2172; baseline 0.012 -1"><span class='ocrx_word' id='word_1_35' title='bbox 759 2106 840 2172; x_wconf 85' lang='lat' dir='ltr'>XIV.</span> 
     </span>
    </p>
   </div>
   <div class='ocr_carea' id='block_1_9' title="bbox 210 2355 1290 2742">
    <p class='ocr_par' dir='ltr' id='par_1_9' title="bbox 210 2355 1290 2742">
     <span class='ocr_line' id='line_1_10' title="bbox 210 2355 1055 2448; baseline 0.004 -28"><span class='ocrx_word' id='word_1_36' title='bbox 210 2355 245 2420; x_wconf 91' lang='lat' dir='ltr'>P.</span> <span class='ocrx_word' id='word_1_37' title='bbox 270 2355 364 2441; x_wconf 85' lang='lat' dir='ltr'>Verg.</span> <span class='ocrx_word' id='word_1_38' title='bbox 387 2355 467 2448; x_wconf 77' lang='lat' dir='ltr'>Mar.</span> <span class='ocrx_word' id='word_1_39' title='bbox 491 2357 619 2424; x_wconf 84' lang='lat' dir='ltr'>Aeneid.</span> <span class='ocrx_word' id='word_1_40' title='bbox 642 2358 662 2425; x_wconf 93' lang='lat' dir='ltr'>l.</span> <span class='ocrx_word' id='word_1_41' title='bbox 686 2356 731 2423; x_wconf 95' lang='lat' dir='ltr'>VI</span> <span class='ocrx_word' id='word_1_42' title='bbox 754 2380 801 2425; x_wconf 85' lang='lat' dir='ltr'>vv.</span> <span class='ocrx_word' id='word_1_43' title='bbox 826 2359 892 2425; x_wconf 79' lang='lat'>210</span> <span class='ocrx_word' id='word_1_44' title='bbox 915 2361 948 2424; x_wconf 89' lang='lat' dir='ltr'>et</span> <span class='ocrx_word' id='word_1_45' title='bbox 970 2357 1055 2423; x_wconf 80' lang='lat'>211:</span> 
     </span>
     <span class='ocr_line' id='line_1_11' title="bbox 377 2501 1219 2591; baseline -0.004 -21"><span class='ocrx_word' id='word_1_46' title='bbox 377 2503 517 2591; x_wconf 80' lang='lat' dir='ltr'>Corripit</span> <span class='ocrx_word' id='word_1_47' title='bbox 539 2506 664 2572; x_wconf 82' lang='lat' dir='ltr'><strong>Aeneas</strong></span> <span class='ocrx_word' id='word_1_48' title='bbox 688 2505 848 2591; x_wconf 86' lang='lat' dir='ltr'>extemplo</span> <span class='ocrx_word' id='word_1_49' title='bbox 872 2505 1046 2590; x_wconf 82' lang='lat' dir='ltr'>avidusque</span> <span class='ocrx_word' id='word_1_50' title='bbox 1069 2501 1219 2588; x_wconf 80' lang='lat' dir='ltr'>refringit</span> 
     </span>
     <span class='ocr_line' id='line_1_12' title="bbox 377 2650 1290 2742; baseline -0.007 -19"><span class='ocrx_word' id='word_1_51' title='bbox 377 2656 627 2725; x_wconf 78' lang='lat' dir='ltr'>Cunctantem</span> <span class='ocrx_word' id='word_1_52' title='bbox 650 2663 683 2726; x_wconf 90' lang='lat' dir='ltr'>et</span> <span class='ocrx_word' id='word_1_53' title='bbox 704 2658 787 2724; x_wconf 82' lang='lat' dir='ltr'>vatis</span> <span class='ocrx_word' id='word_1_54' title='bbox 809 2660 919 2742; x_wconf 88' lang='lat' dir='ltr'>portat</span> <span class='ocrx_word' id='word_1_55' title='bbox 942 2655 1000 2724; x_wconf 91' lang='lat' dir='ltr'>sub</span> <span class='ocrx_word' id='word_1_56' title='bbox 1024 2659 1112 2722; x_wconf 88' lang='lat' dir='ltr'>tecta</span> <span class='ocrx_word' id='word_1_57' title='bbox 1136 2650 1290 2738; x_wconf 79' lang='lat' dir='ltr'>Sibyllae.</span> 
     </span>
    </p>
   </div>
   <div class='ocr_carea' id='block_1_10' title="bbox 209 2803 1079 2873">
    <p class='ocr_par' dir='ltr' id='par_1_10' title="bbox 209 2803 1079 2873">
     <span class='ocr_line' id='line_1_13' title="bbox 209 2803 1079 2873; baseline -0.001 -4"><span class='ocrx_word' id='word_1_58' title='bbox 209 2803 272 2870; x_wconf 88' lang='lat' dir='ltr'>Pro</span> <span class='ocrx_word' id='word_1_59' title='bbox 296 2810 541 2873; x_wconf 84' lang='lat' dir='ltr'>cunctantem</span> <span class='ocrx_word' id='word_1_60' title='bbox 564 2805 768 2873; x_wconf 88' lang='lat' dir='ltr'>scribendum</span> <span class='ocrx_word' id='word_1_61' title='bbox 792 2810 842 2872; x_wconf 87' lang='lat' dir='ltr'>est</span> <span class='ocrx_word' id='word_1_62' title='bbox 864 2808 1079 2872; x_wconf 90' lang='lat' dir='ltr'>nutantem.</span> 
     </span>
    </p>
   </div>
   <div class='ocr_carea' id='block_1_11' title="bbox 760 3054 827 3121">
    <p class='ocr_par' dir='ltr' id='par_1_11' title="bbox 760 3054 827 3121">
     <span class='ocr_line' id='line_1_14' title="bbox 760 3054 827 3121; baseline 0.03 -2"><span class='ocrx_word' id='word_1_63' title='bbox 760 3054 827 3121; x_wconf 90' lang='lat' dir='ltr'>XV.</span> 
     </span>
    </p>
   </div>
   <div class='ocr_carea' id='block_1_12' title="bbox 164 3257 1434 3498">
    <p class='ocr_par' dir='ltr' id='par_1_12' title="bbox 164 3257 1434 3498">
     <span class='ocr_line' id='line_1_15' title="bbox 210 3257 1434 3351; baseline -0.002 -20"><span class='ocrx_word' id='word_1_64' title='bbox 210 3263 377 3333; x_wconf 85' lang='lat' dir='ltr'>Sententia</span> <span class='ocrx_word' id='word_1_65' title='bbox 407 3285 471 3348; x_wconf 91' lang='lat' dir='ltr'>qua</span> <span class='ocrx_word' id='word_1_66' title='bbox 500 3265 568 3351; x_wconf 87' lang='lat' dir='ltr'>jam</span> <span class='ocrx_word' id='word_1_67' title='bbox 596 3269 671 3332; x_wconf 82' lang='lat' dir='ltr'>ante</span> <span class='ocrx_word' id='word_1_68' title='bbox 694 3287 814 3333; x_wconf 92' lang='lat' dir='ltr'>annum</span> <span class='ocrx_word' id='word_1_69' title='bbox 837 3265 902 3331; x_wconf 90' lang='grc'>449</span> <span class='ocrx_word' id='word_1_70' title='bbox 927 3287 956 3331; x_wconf 88' lang='lat' dir='ltr'>a.</span> <span class='ocrx_word' id='word_1_71' title='bbox 979 3263 1013 3331; x_wconf 83' lang='grc' dir='ltr'>Ο.</span> <span class='ocrx_word' id='word_1_72' title='bbox 1037 3285 1069 3328; x_wconf 94' lang='lat' dir='ltr'>n.</span> <span class='ocrx_word' id='word_1_73' title='bbox 1092 3259 1230 3329; x_wconf 89' lang='lat' dir='ltr'>tribunis</span> <span class='ocrx_word' id='word_1_74' title='bbox 1253 3257 1358 3344; x_wconf 89' lang='lat' dir='ltr'>plebis</span> <span class='ocrx_word' id='word_1_75' title='bbox 1379 3260 1434 3345; x_wconf 88' lang='lat' dir='ltr'>jus</span> 
     </span>
     <span class='ocr_line' id='line_1_16' title="bbox 164 3409 1434 3498; baseline -0.003 -18"><span class='ocrx_word' id='word_1_76' title='bbox 164 3412 263 3482; x_wconf 88' lang='lat' dir='ltr'>fuisse</span> <span class='ocrx_word' id='word_1_77' title='bbox 295 3414 448 3482; x_wconf 84' lang='lat' dir='ltr'>statuitur</span> <span class='ocrx_word' id='word_1_78' title='bbox 477 3413 585 3498; x_wconf 85' lang='lat' dir='ltr'>legum</span> <span class='ocrx_word' id='word_1_79' title='bbox 615 3413 820 3482; x_wconf 89' lang='lat' dir='ltr'>ferendarum</span> <span class='ocrx_word' id='word_1_80' title='bbox 850 3413 947 3480; x_wconf 88' lang='lat' dir='ltr'>etiam</span> <span class='ocrx_word' id='word_1_81' title='bbox 979 3412 1007 3479; x_wconf 85' lang='lat' dir='ltr'>si</span> <span class='ocrx_word' id='word_1_82' title='bbox 1037 3416 1148 3498; x_wconf 86' lang='lat' dir='ltr'>patres</span> <span class='ocrx_word' id='word_1_83' title='bbox 1180 3414 1329 3477; x_wconf 82' lang='lat' dir='ltr'>auctores</span> <span class='ocrx_word' id='word_1_84' title='bbox 1354 3409 1434 3479; x_wconf 84' lang='lat' dir='ltr'>facti</span> 
     </span>
    </p>
   </div>
   <div class='ocr_carea' id='block_1_13' title="bbox 163 3562 1042 3649">
    <p class='ocr_par' dir='ltr' id='par_1_13' title="bbox 163 3562 1042 3649">
     <span class='ocr_line' id='line_1_17' title="bbox 163 3562 1042 3649; baseline 0 -18"><span class='ocrx_word' id='word_1_85' title='bbox 163 3585 228 3632; x_wconf 90' lang='lat' dir='ltr'>nen</span> <span class='ocrx_word' id='word_1_86' title='bbox 251 3567 374 3649; x_wconf 87' lang='lat' dir='ltr'>essent,</span> <span class='ocrx_word' id='word_1_87' title='bbox 399 3563 605 3631; x_wconf 84' lang='lat' dir='ltr'>confirmatur</span> <span class='ocrx_word' id='word_1_88' title='bbox 629 3565 725 3632; x_wconf 88' lang='lat' dir='ltr'>rebus</span> <span class='ocrx_word' id='word_1_89' title='bbox 749 3585 770 3631; x_wconf 90' lang='lat' dir='ltr'>a</span> <span class='ocrx_word' id='word_1_90' title='bbox 793 3562 881 3631; x_wconf 85' lang='lat' dir='ltr'>Livio</span> <span class='ocrx_word' id='word_1_91' title='bbox 905 3562 1042 3631; x_wconf 84' lang='lat' dir='ltr'>traditis.</span> 
     </span>
    </p>
   </div>
   <div class='ocr_carea' id='block_1_14' title="bbox 753 3813 836 3881">
    <p class='ocr_par' dir='ltr' id='par_1_14' title="bbox 753 3813 836 3881">
     <span class='ocr_line' id='line_1_18' title="bbox 753 3813 836 3881; baseline 0.024 -3"><span class='ocrx_word' id='word_1_92' title='bbox 753 3813 836 3881; x_wconf 93' lang='lat' dir='ltr'>XVI.</span> 
     </span>
    </p>
   </div>
   <div class='ocr_carea' id='block_1_15' title="bbox 162 4047 1431 4289">
    <p class='ocr_par' dir='ltr' id='par_1_15' title="bbox 162 4047 1431 4289">
     <span class='ocr_line' id='line_1_19' title="bbox 207 4047 1429 4139; baseline 0.001 -19"><span class='ocrx_word' id='word_1_93' title='bbox 207 4047 453 4122; x_wconf 71' lang='lat' dir='ltr'>Assentiendum</span> <span class='ocrx_word' id='word_1_94' title='bbox 476 4074 541 4121; x_wconf 88' lang='lat' dir='ltr'>nen</span> <span class='ocrx_word' id='word_1_95' title='bbox 563 4059 613 4121; x_wconf 91' lang='lat' dir='ltr'>est</span> <span class='ocrx_word' id='word_1_96' title='bbox 636 4054 833 4122; x_wconf 88' lang='lat' dir='ltr'>Mommseno</span> <span class='ocrx_word' id='word_1_97' title='bbox 854 4053 1034 4139; x_wconf 88' lang='lat' dir='ltr'>perhibenti</span> <span class='ocrx_word' id='word_1_98' title='bbox 1050 4053 1168 4121; x_wconf 89' lang='lat' dir='ltr'>bellum</span> <span class='ocrx_word' id='word_1_99' title='bbox 1183 4051 1429 4121; x_wconf 87' lang='lat' dir='ltr'>Macedonicum</span> 
     </span>
     <span class='ocr_line' id='line_1_20' title="bbox 162 4200 1431 4289; baseline -0.004 -16"><span class='ocrx_word' id='word_1_100' title='bbox 162 4203 335 4273; x_wconf 88' lang='lat' dir='ltr'>secundum</span> <span class='ocrx_word' id='word_1_101' title='bbox 369 4224 391 4269; x_wconf 93' lang='lat' dir='ltr'>a</span> <span class='ocrx_word' id='word_1_102' title='bbox 424 4202 577 4270; x_wconf 86' lang='lat' dir='ltr'>Romanis</span> <span class='ocrx_word' id='word_1_103' title='bbox 608 4222 678 4270; x_wconf 88' lang='lat' dir='ltr'>esse</span> <span class='ocrx_word' id='word_1_104' title='bbox 709 4207 891 4287; x_wconf 85' lang='lat' dir='ltr'>susceptum</span> <span class='ocrx_word' id='word_1_105' title='bbox 922 4223 987 4289; x_wconf 88' lang='lat' dir='ltr'>que</span> <span class='ocrx_word' id='word_1_106' title='bbox 1017 4201 1199 4270; x_wconf 83' lang='lat' dir='ltr'>libertatem</span> <span class='ocrx_word' id='word_1_107' title='bbox 1230 4200 1431 4269; x_wconf 85' lang='lat' dir='ltr'>Graecorum</span> 
     </span>
    </p>
   </div>
   <div class='ocr_carea' id='block_1_16' title="bbox 162 4352 370 4422">
    <p class='ocr_par' dir='ltr' id='par_1_16' title="bbox 162 4352 370 4422">
     <span class='ocr_line' id='line_1_21' title="bbox 162 4352 370 4422; baseline -0.014 -1"><span class='ocrx_word' id='word_1_108' title='bbox 162 4352 370 4422; x_wconf 84' lang='lat' dir='ltr'>vindicarent</span> 
     </span>
    </p>
   </div>
   <div class='ocr_carea' id='block_1_17' title="bbox 0 0 1504 4920">
    <p class='ocr_par' dir='ltr' id='par_1_17' title="bbox 0 0 1504 4920">
     <span class='ocr_line' id='line_1_22' title="bbox 0 0 1504 4920; baseline 0 2"><span class='ocrx_word' id='word_1_109' title='bbox 0 0 1504 4920; x_wconf 95' lang='lat' dir='ltr'> </span> 
     </span>
    </p>
   </div>
  </div>
 </body>
</html>
