2962 4912
672 332 716 398 93

61 571 125 636 uisi
155 571 340 638 Alcibiades
374 569 398 661 ξ
431 574 451 636 3
483 575 516 637 et
551 569 576 659 ξ
607 569 629 634 4
660 569 822 653 loquitur,
852 589 950 652 quam
981 568 1022 635 ob
1053 588 1122 634 rem
1152 568 1211 634 viri
1242 567 1328 634 docti

60 691 170 757 eodem
199 692 291 777 jure,
317 710 380 773 quo
403 689 501 774 paulo
524 686 627 773 inira,
650 687 845 772 singularem
870 686 1020 772 flagitant
1041 707 1208 752 numerum
1235 685 1329 765 ἠξίου,

59 829 153 892 quem
177 810 264 875 solus
287 808 382 874 Valla
405 805 560 872 servavit:
601 827 695 885 „uam
720 804 894 889 postulavit
917 824 1042 871 omnem
1064 804 1188 870 Ioniam
1211 802 1327 871 tradi.”

101 925 179 1017 §la
203 927 294 1012 Vulg.
320 927 446 992 ἐνταῦθα
468 924 501 1000 δὴ
524 924 617 990 οὐκέτι
643 950 689 1000 τι,
713 923 785 989 ἀλλ’
810 922 907 1003 ἄπορα
932 923 1100 1001 νομίσαντες
1135 924 1159 986 οἱ
1188 922 1329 999 Ἀθννοῖιοι

58 1093 85 1110 ..
102 1091 135 1110 ..
160 1045 336 1118 ἀπελθόντες
368 1043 521 1125 κομίζοντα
554 1047 583 1116 ἐς
614 1045 665 1118 τῶν
689 1042 803 1120 Σθμον.
838 1041 948 1108 Lectio
971 1062 1037 1108 non
1060 1047 1195 1108 constat
1231 1040 1329 1119 Quid·

58 1163 138 1246 quid
176 1168 284 1228 autem
315 1162 521 1229 statuendum
552 1168 616 1240 est,
649 1162 677 1226 B
710 1181 857 1246 perverse
888 1160 1007 1227 omittit
1037 1159 1131 1228 θλλθ.
1170 1159 1329 1243 Equidem

57 1302 132 1347 cum
165 1281 229 1348 illis
258 1280 360 1362 facie,
391 1280 446 1365 qui
477 1301 549 1346 cum
582 1278 762 1346 Scholiasta
792 1279 832 1344 de
863 1277 960 1352 verbo
991 1277 1128 1362 quodem
1157 1276 1329 1344 inserendo

56 1406 132 1484 post
154 1402 246 1466 οὐκέτι
263 1427 290 1466 τι
315 1399 467 1486 cogitant,
493 1401 578 1483 quod
602 1398 699 1466 Valla
723 1418 850 1483 quoque
874 1398 1003 1464 suadet:
1030 1397 1093 1478 „ad
1115 1397 1196 1462 haec
1219 1401 1329 1481 postu-

55 1515 127 1585 lata
156 1519 237 1585 nihil
260 1521 331 1604 J‘am
355 1519 492 1603 amplius
516 1539 682 1585 assensere
707 1517 936 1601 Athenienses,
969 1515 1026 1582 sed
1049 1536 1089 1582 sa
1112 1513 1330 1581 intolerabilia

55 1635 254 1704 arbitrantes
381 1638 516 1723 digressi
540 1658 574 1704 se
599 1635 731 1703 Samum
754 1632 973 1720 receperunt’'.

103 1873 212 1960 Caput
234 1874 277 1940 57
302 1872 326 1964 ξ
352 1876 379 1940 1.
402 1873 494 1960 Vulg.
517 1873 656 1952 ξυνθῆκας
681 1875 724 1939 ἔτι
740 1872 840 1944 ῶλλας
865 1870 1124 1950 ποιησάμενος,
1147 1866 1183 1941 θος
1199 1867 1235 1933 θον
1247 1868 1330 1943 θύνν-

56 2013 129 2078 ται,
160 1994 269 2073 τροφήν
301 2018 335 2058 τε
358 1993 498 2074 παρέχειν
522 1993 571 2058 καὶ
594 1994 637 2072 μὴ
660 1991 850 2058 πανταπατιν
875 1990 1211 2068 ἐκπεπολεμῆσθαι,
1236 1986 1328 2060 δεδιὼς

56 2111 97 2185 μὴ
107 2161 120 2190 ,
154 2114 186 2189 ἢν
216 2116 343 2194 οθπορῶτι
375 2120 502 2186 πολλοῖς
533 2113 615 2178 ναντὶ
638 2120 691 2188 τῆς
715 2117 840 2195 τροφῆς,
873 2115 889 2187 ἢ
913 2117 971 2183 τοῖς
993 2108 1150 2185 Ἀθηναίοις
1172 2110 1328 2184 ῶνανκατ-

57 2227 153 2304 θέντες
188 2240 356 2313 ναυμαχεῖν
391 2235 546 2309 ἡττηθῶσιν
578 2233 594 2309 ἢ
626 2235 792 2297 κεναθειτῶν
821 2236 877 2297 τῶν
900 2235 966 2296 νεῶν
989 2228 1057 2295 ἄνευ
1081 2230 1185 2293 ἑαυτοῦ
1208 2227 1329 2305 γένηται

59 2351 214 2426 Ἀθηναίοις
238 2350 260 2416 a
274 2352 443 2429 βούλονται.
467 2350 513 2417 Ut
528 2351 645 2435 duplex
661 2352 678 2427 ἢ
695 2401 701 2416 .
716 2402 722 2416 .
737 2400 763 2416 ..
780 2351 812 2430 ἢ,
828 2351 912 2416 inter
928 2371 962 2416 se
978 2347 1175 2434 oppositum,
1192 2345 1327 2425 indicat,

62 2469 219 2535 sententia
255 2469 477 2550 conditionali,
514 2491 596 2554 qnae
630 2468 663 2534 in
695 2469 722 2534 B
753 2469 919 2536 omittente
950 2467 983 2543 ln
1015 2465 1124 2546 abest,
1157 2485 1221 2531 non
1251 2485 1329 2548 pos·

63 2601 165 2654 tumus
195 2579 306 2655 carcre
338 2608 441 2673 neque
473 2589 576 2674 magis
609 2610 679 2655 oum
705 2589 826 2673 optimo
849 2587 930 2654 libro
953 2584 1161 2670 participium
1184 2582 1327 2649 futurum

67 2707 244 2786 ποιησόμενος
277 2708 495 2792 recipiendum
531 2713 590 2776 est.
636 2707 663 2772 B
698 2712 807 2773 autem
841 2712 926 2773 recte
957 2705 1231 2782 ἐκπεπολεμῶσθαι,
1256 2723 1328 2768 cum

10 2910 12 2921 Ι
71 2817 242 2892 debellandi
273 2827 403 2893 notione
433 2826 514 2893 nihil
545 2827 587 2893 sit
617 2847 707 2911 opus.
752 2826 789 2891 ln
813 2824 901 2891 hisce
924 2822 1071 2891 omnibus
1096 2843 1228 2906 scopum
1250 2819 1327 2886 ferit

10 2924 12 2949 ⁵
72 2935 168 3010 Valla:
203 2943 414 3028 „initiaque
445 2944 517 3011 aliis
547 2943 800 3028 quibuscumque
827 2943 938 3028 posset
960 2938 1182 3027 pactionibus,
1207 2938 1327 3023 stipen-

76 3053 147 3127 dium
162 3061 306 3129 solnendi
328 3082 375 3127 ne
397 3083 558 3147 prorsus
582 3062 642 3129 sibi
666 3063 799 3129 hostes
820 3062 1018 3128 redderet:
1041 3060 1156 3126 timens
1172 3059 1256 3125 enim
1271 3080 1327 3138 ne,

78 3181 122 3242 aut
148 3179 250 3247 coacti
280 3201 424 3265 pugnare
455 3202 526 3248 cum
557 3181 807 3249 Atheniensibus
839 3182 965 3249 classe
988 3202 1032 3247 ex
1054 3200 1191 3264 magna
1213 3183 1326 3262 parte

80 3297 259 3386 stipendio
282 3300 470 3368 fraudata
493 3300 755 3386 succumberent,
780 3305 837 3366 aut
859 3296 958 3384 sqq.’'.

114 3533 211 3622 (laput
234 3535 277 3602 58
301 3532 326 3626 ξ
352 3538 378 3601 l.
401 3535 492 3622 Vulg.
525 3537 588 3618 aspi
612 3543 666 3602 τῶν
688 3536 835 3614 βασιλέως
857 3537 1044 3618 πραγμάτων
1066 3536 1116 3602 καὶ
1140 3535 1326 3615 Λακεδαιμο·

83 3648 138 3718 ulna
169 3655 197 3720 B
229 3653 381 3720 mendose
403 3658 477 3739 post
499 3660 549 3719 καὶ
573 3654 666 3721 addit
688 3660 753 3720 τῶν.
789 3654 826 3721 V.
854 3654 913 3735 „de
935 3655 1019 3739 regis
1043 3653 1146 3738 deque
1168 3653 1326 3720 Lacedae·

83 3776 238 3843 momorum
357 3771 519 3858 negotiis''.
563 3771 587 3862 ξ
610 3774 642 3838 4.
667 3778 775 3839 autem
797 3785 819 3838 Β
842 3772 890 3836 ἐπὶ
913 3783 952 3838 A.
972 3783 975 3788 '

10 3964 11 3970 ς
115 3889 184 3982 §A
208 3894 305 3977 Vulg.
339 3892 388 3958 nal
413 3892 475 3971 περὶ
499 3900 551 3967 τῆς
575 3891 674 3972 χώρας
697 3899 749 3966 τῶς
773 3891 875 3955 ἑαυτοῦ
897 3888 1061 3967 βουλευέτω
1084 3888 1227 3965 βασιλεὺς
1250 3887 1327 3961 ὅπως

10 4080 13 4097 ,
84 4006 213 4083 βούλεται.
249 4014 276 4079 Β
307 4020 340 4080 et
370 4011 515 4081 nonnulli
546 4010 601 4077 alii
630 4010 717 4076 haud
742 4008 837 4076 dubie
860 4029 900 4075 ex
922 4010 1106 4095 conjectura
1127 4007 1326 4088 βασιλευέτω,

10 4112 15 4225 Ἰ
87 4132 153 4209 quod
182 4134 251 4218 jam
285 4129 522 4216 praepositione
556 4128 619 4207 περὶ
651 4128 832 4194 damnatur.
879 4125 960 4192 Vere
991 4123 1101 4191 Valla:
1133 4123 1236 4208 deque
1267 4145 1327 4192 sua

85 4249 226 4325 provincia
247 4270 306 4316 rex
328 4246 547 4315 deliberato
570 4268 630 4331 pro
654 4266 712 4312 suo
735 4244 903 4312 arbitrio’'.

118 4362 187 4458 §d
211 4366 304 4459 Vulg.
335 4364 580 4448 Λακεδαιμονίους
611 4364 641 4433 δὲ
671 4363 810 4437 καὶτοὺς
840 4360 1021 4452 ξυμμάχους
1052 4367 1243 4438 τελευτῶντος
1274 4367 1326 4435 τοῦ
