3000 4920
470 1370 944 1458 PRAEFATIO.

95 1865 212 1934 Haud
249 1863 362 1931 eadem
394 1884 479 1949 quae
513 1863 720 1930 Demostheni
754 1862 945 1948 Platonique
976 1861 1056 1931 lavit
1079 1863 1272 1950 Thucydidi,
1297 1865 1346 1930 illi

49 2009 177 2055 rerum
204 1989 369 2069 gestarum
391 1983 555 2068 scriptori,
577 1982 709 2050 fortuna
724 1983 875 2069 contigit,
898 1982 1026 2049 illorum
1042 1985 1126 2050 euim
1141 1983 1217 2050 licet
1232 1985 1343 2052 archc-

46 2107 129 2194 typi
154 2126 229 2172 non
252 2103 384 2170 tulerint
399 2108 557 2185 aetatem,
580 2108 752 2188 supersunt
767 2108 875 2170 tamen
890 2103 967 2170 libri
982 2109 1093 2171 tantae
1108 2106 1344 2189 praestantiae,

48 2232 91 2292 ut
119 2223 196 2290 iere
220 2222 378 2289 tantidem
400 2242 440 2288 ac
464 2243 578 2289 manus
599 2222 672 2308 ipsa
694 2222 759 2289 sint
773 2221 931 2304 habendi;
954 2221 1099 2290 historici
1118 2229 1226 2290 autem
1241 2224 1346 2290 nostri

50 2365 167 2432 opera
204 2363 268 2410 non
297 2343 360 2409 nisi
387 2343 565 2410 miserrima
595 2342 778 2410 conditione
808 2343 850 2410 ad
874 2365 933 2410 nos
955 2349 1176 2429 pervenerunt.
1226 2343 1344 2421 Quam-

53 2485 165 2551 quam
194 2459 390 2547 Thucydidis
412 2461 540 2529 codices
565 2463 592 2529 si
614 2483 677 2530 non
701 2463 903 2547 ponderaudi
926 2468 1032 2530 essent
1056 2462 1113 2530 sed
1135 2463 1343 2549 numerandi,

53 2603 183 2652 revera
221 2579 374 2648 librorum
406 2581 499 2666 copia
519 2581 605 2648 inter
627 2581 748 2666 primos
771 2588 881 2650 noster
904 2581 1017 2649 haberi
1040 2587 1159 2668 posset.
1205 2583 1344 2648 Exstant

54 2702 152 2770 enim
178 2699 254 2784 plus
277 2699 409 2786 triginta
431 2699 627 2786 Thucydidis
651 2701 791 2782 codices,
813 2702 870 2786 qui
893 2707 1001 2768 tamen
1018 2722 1128 2768 omnes
1146 2701 1345 2768 volventibus

57 2820 163 2888 annis
196 2818 281 2885 vitiis
308 2819 469 2903 inquinati
491 2825 590 2905 atque
613 2819 814 2887 emblematis
838 2821 1048 2888 contaminati
1073 2827 1158 2890 sunt.
1197 2820 1346 2888 Virorum

58 2959 147 3007 sane
165 2936 336 3004 doctorum
360 2957 494 3005 acumen
516 2939 661 3023 plurimis
677 2939 756 3007 locis
773 2939 932 3024 corruptis
947 2938 1138 3025 excogitavit
1153 2941 1344 3007 medicinam

58 3065 169 3142 atque
202 3055 404 3123 librariorum
433 3056 700 3142 interpolationes
731 3079 850 3144 magua
879 3080 939 3144 pro
972 3065 1067 3144 parte
1090 3079 1108 3125 e
1131 3066 1223 3126 textu
1246 3060 1345 3126 elimi-

10 3202 12 3261 ι
60 3177 178 3261 navit3
211 3179 353 3242 atamen
383 3175 521 3262 scriptor
544 3177 716 3245 sciolorum
739 3178 837 3264 culpa
859 3179 940 3246 adeo
964 3179 1092 3264 ponitus
1115 3180 1342 3265 ampullatus,

62 3302 102 3364 ut
128 3295 310 3380 permultae
331 3299 454 3362 restent
475 3296 646 3374 lectiones,
670 3317 754 3381 quae
777 3274 880 3364 critici
903 3298 1067 3365 oculorum
1083 3298 1185 3365 aciem
1200 3298 1345 3366 eludant.

65 3415 236 3483 Sadenta
268 3413 398 3499 quidem
432 3416 624 3484 emblemata
659 3417 752 3484 obelo
783 3421 977 3485 notaverunt
1008 3416 1166 3498 Cobetus,
1199 3417 1345 3485 Herwer-

68 3535 197 3612 denus,
229 3531 389 3612 Stahlius,
422 3534 612 3615 Glaesanue5
636 3537 709 3621 quis
734 3542 841 3604 autem
864 3543 956 3622 putet
980 3538 1167 3622 scriptorem
1190 3537 1346 3622 iuterpre-

66 3651 227 3721 tamentis
256 3652 353 3738 plane
383 3673 453 3722 esse
478 3655 673 3722 liberatum?
720 3654 838 3739 Immo,
868 3656 922 3723 hio
943 3656 1009 3723 illic
1032 3676 1071 3723 eo
1094 3655 1249 3723 audaciae
1271 3677 1346 3742 pro·

70 3776 244 3841 cesserunt
275 3771 419 3860 librarii,
452 3779 490 3841 ut
524 3795 600 3841 vera
630 3796 652 3842 a
682 3774 773 3842 falsis
803 3779 914 3842 nostra
945 3779 1052 3843 aetate
1075 3774 1255 3842 discerncre
1279 3775 1346 3843 fere

71 3911 285 3977 nequeamus.
330 3891 436 3959 Lubet
469 3893 604 3961 laudare
638 3893 745 3961 locum
779 3894 918 3963 mirabili
952 3895 1048 3962 modo
1083 3894 1346 3962 contaminatum.

71 4010 167 4077 Libri
198 4009 302 4095 quinti
332 4032 359 4078 c.
382 4011 427 4078 25
448 4011 649 4100 Thucydides
672 4013 773 4080 tradit
794 4034 908 4099 pacem
932 4013 1167 4100 quinquaginta
1190 4035 1346 4081 annorum

73 4152 135 4199 sex
162 4136 290 4198 tautum
321 4150 424 4199 annos
454 4136 487 4200 et
517 4134 627 4201 decem
657 4154 784 4201 menses
812 4134 968 4216 valuisse,
993 4133 1109 4201 deinde
1132 4133 1251 4201 bellum
1275 4154 1346 4200 esse

73 4253 274 4319 renovatum.
314 4248 427 4335 Capite
450 4252 494 4318 26
517 4257 628 4320 noster
650 4252 831 4340 perrexisse
854 4252 1012 4320 traditur:
1036 4254 1212 4336 γέγραφε
1235 4254 1265 4318 a
1285 4253 1345 4318 nal

74 4375 203 4439 ταῦτα
232 4369 246 4436 l
277 4369 389 4445 αὐτὸς
420 4367 525 4465 (sicr)
553 4372 775 4451 Θουκυδίδης
799 4375 1005 4449 Ἀθηναῖος,
1030 4371 1114 4451 ἑξῆς
1137 4375 1179 4447 ὥς
1202 4369 1347 4440 ἕκαστα

1232 4491 1246 4545 i
