3000 4920
635 349 870 401 palarmo.
1341 342 1392 389 VII

125 571 214 651 iscit;
245 573 300 639 vix
331 572 416 639 enim
445 570 566 639 lactum
589 592 660 640 esse
683 577 806 657 potest,
837 575 874 637 ut
895 570 1026 654 Vallae,
1051 569 1101 636 cui
1125 587 1261 652 graecus
1285 583 1390 632 sermo

127 696 170 759 tot
197 697 374 777 tantaeque
402 690 588 777 praebuerit
618 689 841 770 difficultates,
875 690 994 775 quique
1017 710 1057 757 ex
1080 687 1209 756 scholiis
1230 684 1392 752 interdum

130 811 241 880 discere
272 813 449 899 neglexerit
480 835 585 881 reram
611 813 780 881 lectionem
803 811 857 897 (cf.
881 811 960 878 VIII
983 833 1011 880 c.
1035 811 1077 878 81
1102 808 1213 895 finis),
1246 805 1309 872 arti
1333 803 1392 870 cri·

130 932 202 999 ticae
223 930 260 998 in
281 932 471 1018 scriptorem
493 936 637 999 nostrum
660 929 858 999 exercendae
881 930 1024 996 animum
1046 926 1237 1003 intenderit,
1254 926 1391 1009 ideoque

130 1050 224 1119 buna
265 1051 381 1120 Vallae
417 1052 644 1139 interpretatio
676 1051 751 1119 libri
780 1051 908 1137 graeci,
939 1050 995 1134 qui
1025 1046 1170 1132 evanuit,
1201 1046 1310 1130 imago
1347 1040 1390 1110 ad

133 1168 222 1236 risum
245 1189 401 1255 expressa
424 1174 473 1238 est
488 1169 643 1238 ducenda
667 1169 858 1237 Accuratius
875 1171 984 1235 autem
1001 1165 1116 1234 Vallae
1131 1184 1228 1250 opere
1243 1163 1392 1246 inspecto

135 1287 337 1374 agnoscimus,
372 1288 506 1374 librum,
542 1309 637 1373 quem
674 1293 751 1355 ante
788 1287 897 1355 oculos
919 1284 1088 1364 habuerit,
1119 1283 1195 1350 licet
1218 1301 1282 1348 non
1305 1279 1389 1346 vitiis

135 1413 265 1484 iaceret,
294 1412 407 1474 tantm
435 1405 535 1474 fuisse
566 1407 803 1492 praestantiae,
833 1409 932 1470 utne
956 1403 1115 1471 Vaticano
1144 1399 1274 1487 quidem
1297 1400 1392 1467 cedat

70 1586 71 1599 ,
137 1526 168 1593 sit
186 1547 322 1596 necesse.
368 1526 460 1606 Quod
482 1545 555 1594 cum
578 1546 619 1592 ex
640 1524 854 1611 Thucydideis
877 1521 993 1590 studiis
1018 1521 1096 1588 meis
1120 1519 1279 1600 noverim,
1303 1541 1390 1586 cum-

138 1665 187 1730 que
221 1650 392 1732 practerea
428 1645 605 1714 Vaticanus
639 1647 775 1731 septimo
810 1650 843 1712 et
878 1651 991 1712 octavo
1026 1641 1110 1710 libro
1144 1642 1238 1728 longe
1272 1640 1390 1707 ceteris

70 1803 76 1845 ς
139 1759 292 1830 antecellat
314 1763 495 1845 codicibus,
518 1784 637 1850 operae
660 1764 798 1850 pretium
821 1761 977 1848 putabam
1000 1781 1072 1829 esse
1095 1759 1211 1827 Vallae
1233 1760 1390 1843 interpre-

71 1923 77 1965 ς
139 1882 273 1950 tationem
304 1903 376 1949 cum
407 1883 529 1968 optimo
551 1883 579 1949 B
602 1881 763 1969 conterre,
797 1883 838 1949 de
869 1881 1036 1965 utriusque
1059 1879 1263 1967 praestantia
1285 1878 1390 1964 inqui·

75 2020 78 2037 ’
141 2020 211 2087 rere,
242 2000 380 2087 denique
406 2005 530 2068 textum
553 2021 650 2086 quam
673 2000 914 2070 accuratissime
938 1998 1141 2068 constituere.
1188 1997 1390 2082 Quamquam

140 2116 249 2206 Poppc,
279 2120 314 2186 in
343 2118 459 2187 ceteris
488 2118 541 2186 de·
559 2118 744 2205 Thucydide
766 2119 886 2205 optime
911 2118 1061 2196 meritus,
1089 2117 1158 2202 jam
1182 2115 1291 2182 multis
1314 2120 1391 2181 ante

71 2299 79 2323 y,
145 2235 219 2304 aunis
242 2237 350 2305 Vallae
372 2238 676 2324 interpretationemv
693 2237 922 2307 conferendam
947 2257 1017 2305 esse
1040 2236 1146 2318 duxit;
1171 2235 1256 2320 quod
1280 2239 1391 2300 tamen

141 2373 203 2439 opus
229 2356 309 2424 adeo
340 2359 369 2422 ἐν
399 2359 535 2441 παρέργῳ
564 2360 687 2445 posuit,
719 2366 755 2428 ut
777 2360 966 2445 plerumque
989 2356 1148 2444 propositi
1169 2356 1387 2422 immemorem

71 2557 73 2560 y
141 2471 219 2545 base
247 2477 366 2546 dixeris
397 2479 498 2547 sirum
530 2479 671 2548 doctum.
717 2479 835 2547 Omnes
858 2479 957 2565 igitur
980 2477 1119 2563 quaein
1142 2476 1169 2542 B
1193 2479 1388 2561 suppetunt,

71 2620 82 2683 ι.
140 2595 226 2664 varias
246 2596 399 2665 lectiones
422 2619 494 2666 cum
519 2598 633 2666 Vallae
655 2598 760 2666 verbis
784 2599 963 2685 composui3
980 2597 1082 2684 deque
1098 2597 1265 2680 utriusque
1281 2594 1386 2681 gravi·

139 2715 189 2790 aa
209 2719 304 2801 atque
327 2717 520 2785 auctoritate
544 2738 641 2803 qnam
663 2717 754 2803 potui
777 2719 1017 2785 accuratissime
1034 2717 1206 2803 disputari.
1239 2714 1386 2781 Perfecto

76 2905 78 2922 ,
136 2837 226 2900 uon
255 2856 352 2921 opere
384 2844 531 2923 suscepto
558 2858 750 2924 persuasum
776 2839 855 2904 mihi
877 2843 928 2906 est
951 2837 1066 2905 Vallae
1088 2835 1387 2921 interpretationem

72 2993 73 3020 1
132 2971 185 3019 non
221 2954 322 3023 solum
361 2956 436 3024 libri
470 2956 547 3024 boni
580 2959 685 3025 instar
718 2978 807 3037 esse,
850 2978 959 3025 verum
994 2957 1093 3023 etiam
1127 2953 1385 3038 anteponendam

130 3071 291 3157 Vaticano,
315 3076 344 3144 si
366 3077 533 3162 quaeritur
548 3079 588 3145 de
603 3077 746 3146 locorum
759 3099 901 3163 numero,
917 3080 950 3144 in
967 3076 1085 3163 quibus
1101 3081 1234 3161 uterque
1251 3095 1384 3160 scopum

124 3192 202 3263 ierit.
226 3197 299 3265 Jam
323 3218 404 3284 opus
428 3204 478 3266 est
499 3200 640 3284 probare
660 3201 734 3287 jure
758 3221 809 3267 me
835 3219 963 3266 censere
988 3198 1138 3266 Vaticani
1161 3194 1386 3264 memorabiles

119 3313 271 3383 lectiones
309 3338 427 3402 magna
464 3339 524 3404 pro
558 3324 651 3404 Parte
685 3339 751 3386 non
786 3319 959 3386 correctori
993 3316 1103 3384 deberi
1138 3316 1196 3384 sed
1230 3315 1385 3383 collatori

116 3435 385 3503 Annotationibus
409 3436 528 3504 criticis
550 3438 703 3522 inspectis
726 3438 864 3524 pellucet
887 3438 1078 3506 Vaticanum
1094 3457 1272 3522 persaepe,
1289 3435 1386 3501 etiam

114 3554 313 3643 gravioribus
343 3557 377 3623 in
408 3556 503 3624 rebus
527 3578 547 3624 a
569 3557 664 3624 Valla
693 3559 853 3626 recedere.
900 3558 1015 3643 Itaque
1038 3555 1107 3624 fieri
1130 3575 1194 3621 non
1217 3560 1327 3641 potest
1349 3559 1386 3619 ut

113 3674 143 3741 B
173 3681 208 3742 et
237 3675 401 3761 exemplar
434 3696 603 3760 graecum,
640 3695 704 3760 qno
739 3674 834 3742 Valla
868 3675 910 3742 eit
944 3695 1037 3756 usus,
1076 3672 1189 3740 ecdem
1224 3694 1263 3740 ex
1297 3673 1385 3739 fonte

113 3793 279 3874 fluxerint;
314 3794 356 3861 ab
387 3794 491 3862 altera
521 3800 629 3862 autem
661 3799 754 3880 parte
783 3795 929 3880 plurimis
953 3795 1032 3861 locis
1055 3793 1247 3860 Vaticanum
1270 3790 1383 3857 Vallae

112 3912 373 3998 interpretationi
410 3913 628 3981 concinentem
658 3913 817 3981 ridemus:
853 3908 1012 3999 quomodo
1046 3912 1142 3998 igitur
1175 3909 1383 3994 explicaveris

112 4032 262 4101 Vaticani
292 4032 527 4118 praestantium
559 4034 790 4120 scripturarum
814 4036 938 4121 copiam
961 4035 1024 4101 nisi
1047 4033 1167 4120 putetis
1192 4032 1333 4098 codicem
1355 4031 1383 4096 Β

113 4173 179 4221 non
203 4151 305 4220 solum
328 4153 520 4220 recensitum
544 4174 633 4240 esse,
665 4155 721 4221 sed
745 4146 842 4222 etium
867 4156 1018 4223 collatum
1042 4175 1113 4221 cum
1137 4151 1219 4219 libro
1244 4151 1383 4236 quodam

113 4271 255 4358 optimae
277 4271 401 4339 notae‘l
424 4271 581 4355 Equidem
604 4291 717 4339 revera
740 4294 779 4339 ex
794 4264 1029 4358 praestantium
1046 4270 1195 4338 Vaticani
1211 4269 1383 4336 lectionum

113 4389 210 4478 copia
242 4391 318 4468 illa,
357 4389 531 4456 correctori
569 4394 737 4474 acceptum
771 4389 890 4458 referre
924 4388 993 4456 fere
1029 4389 1122 4457 velim
1158 4388 1384 4455 vocabulorum
