3000 4920
718 323 779 401 101

106 591 192 637 mero
225 570 310 637 enim
341 571 474 652 civium,
506 573 561 658 qni
590 571 785 657 reipublicae
817 570 993 657 participes
1018 574 1128 648 erant,
1154 569 1376 638 edocebantur

107 687 212 754 Samii.
261 689 407 774 Speciem
429 689 604 757 Vaticanus
640 689 792 776 haberet,
829 690 857 756 si
890 693 921 754 οὐ
957 690 981 754 οἱ
1012 689 1187 770 τετρακόσιοι
1219 688 1373 755 dedisset.

108 804 201 873 Valla
234 811 340 874 recte:
379 808 540 893 „quinque
575 808 663 874 milia
696 807 861 876 hominum
896 828 984 894 esse,
1017 827 1093 874 non
1124 806 1376 893 quadringentos

110 923 227 1006 solum,
252 927 307 1010 qui
330 928 460 1012 negotia
483 928 777 995 administrarent'’.

150 1041 174 1132 ξ
217 1045 246 1110 2.
303 1043 393 1131 Vulg.
445 1045 495 1110 καὶ
548 1040 671 1110 τᾶλλα
725 1045 944 1117 ε’πιστείλαντες
996 1045 1037 1110 τοὶ
1090 1044 1239 1127 πρέποντα
1288 1048 1379 1111 εἰπεῖν

111 1166 296 1247 ἀπέπεμψαν
322 1165 428 1238 αὐτοὺς
452 1167 531 1238 εὐθὺς
554 1167 634 1243 μετὰ
656 1168 709 1241 τὴν
732 1168 845 1232 αὐτῶν
868 1165 1065 1232 κατάστασιν.
1104 1167 1175 1233 Etsi
1198 1168 1247 1232 aab
1273 1161 1377 1233 τᾶλλα

111 1305 165 1368 per
186 1305 221 1350 sa
243 1306 344 1368 prava
366 1306 430 1351 non
453 1289 503 1351 est
524 1285 634 1365 lectio,
658 1291 825 1370 praestare
848 1291 958 1352 tamen
980 1284 1105 1351 videtur
1123 1284 1273 1352 Vaticani
1292 1284 1377 1350 alata

111 1428 157 1489 τε,
189 1402 416 1470 adverbialiter
447 1404 586 1473 dictum:
620 1406 737 1486 „etiam
768 1404 840 1471 aliis
870 1405 904 1470 in
936 1402 1060 1471 rebus’'.
1106 1404 1376 1489 Insequentibus

113 1540 233 1606 quaqua
264 1520 291 1585 B
318 1521 391 1607 jure
409 1522 534 1589 -scribit
563 1524 705 1590 ἑαυτῶν.
753 1521 879 1590 Vallam
909 1523 1006 1590 aliam
1035 1524 1228 1609 scripturam
1261 1525 1377 1592 vidisse

114 1646 259 1724 apparet,
294 1640 394 1721 unde,
429 1647 536 1708 utrum
558 1642 607 1707 καλ
632 1636 736 1708 τᾶλλα
760 1643 874 1728 legerit
896 1663 1013 1722 necne,
1038 1664 1131 1710 nemo
1155 1642 1317 1731 effecerit,
1341 1643 1376 1709 in
1424 1705 1427 1712 ,

114 1759 294 1840 pronomine
318 1765 425 1826 autem
448 1757 597 1827 reflexivc
622 1761 782 1828 consentit
802 1761 975 1828 Vaticanor
1002 1761 1103 1843 „Non
1120 1767 1250 1830 tamen
1266 1763 1375 1829 statim

117 1877 150 1943 ab
171 1878 244 1963 ipsa
267 1883 373 1946 status
396 1880 455 1946 sui
479 1881 705 1947 constitutione
729 1881 915 1948 miserunt’'.

153 1996 232 2064 Ibid.
259 1997 351 2084 Vulg.
380 2002 422 2076 μίρ
546 2000 677 2072 ναυτικὸς
700 1999 788 2081 ὄχλος
812 2000 878 2066 οὔτε
901 2000 988 2073 αὐτὸς
1015 2001 1110 2079 μένειν
1134 2001 1163 2065 ἕν
1186 2004 1227 2083 τῷ
1253 2003 1375 2083 ὀλιγαρ-

119 2117 183 2194 χικῷ
204 2115 303 2195 ιιοομῳ
325 2115 436 2200 lulag.
481 2118 508 2183 Β
531 2139 679 2203 perverse
702 2119 878 2194 ἐθελῆσαι.
913 2119 1027 2188 Valla:
1055 2141 1114 2201 „ne
1241 2120 1374 2187 nautica

121 2233 279 2302 multitudo
302 2234 402 2301 nollet
424 2235 483 2302 sub
507 2258 545 2305 ec
568 2242 656 2305 statu
678 2237 837 2307 manerc''.

157 2471 258 2558 Caput
282 2475 324 2540 73
347 2472 371 2563 ξ
393 2474 424 2540 4.
447 2472 538 2561 Vulg.
561 2471 635 2541 οὗτοι
658 2476 718 2555 νοὶρ
738 2477 804 2556 οὐχ
826 2478 964 2552 ἓιιοντες
979 2528 986 2541 .
1002 2527 1008 2542 .
1024 2524 1031 2540 .
1048 2476 1168 2560 aaaron
1183 2476 1235 2551 aba
1249 2478 1374 2556 ὀλιγαρ-

122 2590 181 2668 χίαν
209 2598 314 2672 recte;
343 2594 389 2661 sic
419 2593 528 2661 Valla:
559 2593 612 2676 „hi
635 2595 719 2662 enim
834 2595 926 2663 inviti
949 2600 1068 2663 statum
1092 2615 1268 2680 paucorum
1290 2592 1374 2661 iere·

123 2705 215 2778 hanu’.
250 2712 277 2777 B
300 2712 383 2780 male
405 2715 456 2779 οὐκ
479 2712 607 2796 ἔχοντες.

157 2828 234 2896 lbid.
257 2830 350 2917 Vulg.
382 2832 417 2897 δι’
443 2829 475 2909 ἣν
497 2834 600 2912 μόνον
631 2837 648 2911 ἦ
678 2835 759 2916 dexi
783 2837 881 2908 αὐτοῖς
905 2837 934 2908 ἐς
959 2840 1043 2901 τοῦτο
1065 2832 1235 2912 ξονέμεινεν.
1271 2837 1374 2898 Βνῦν

123 2946 226 3036 μόνον,
259 2949 315 3016 alii
345 2950 434 3032 μέχρι
467 2959 531 3039 νῦν,
564 2961 735 3039 utrumque
766 2975 829 3021 non
860 2953 1064 3039 probandum
1093 2954 1188 3040 juxta
1218 2955 1246 3026 ἐς
1279 2957 1373 3018 τοῦτο.

124 3060 248 3135 Stahlius
278 3070 489 3156 interpretum
521 3094 593 3139 cum
624 3094 779 3140 consensu
810 3094 849 3139 ex
880 3071 971 3138 libris
1004 3073 1057 3138 Ar.
1080 3077 1112 3138 et
1134 3071 1207 3138 Ghr.
1232 3070 1374 3138 correxit

123 3185 227 3264 bivar,
252 3207 349 3272 quam
371 3189 541 3257 lectionem
556 3190 676 3259 referre
692 3192 784 3258 video
799 3193 944 3259 Vallam:
973 3197 1236 3276 „propterquam
1253 3211 1370 3257 unam

123 3306 297 3391 magistratu
320 3309 410 3375 inid
433 3311 586 3396 temporis
609 3310 868 3397 permansisset?

155 3421 176 3513 ξ
199 3425 228 3493 5.
251 3426 343 3514 Vulg.
372 3429 386 3494 δ
408 3455 442 3494 τε
465 3431 547 3496 Λέων
568 3431 618 3496 καὶ
642 3432 655 3496 ὂ
679 3432 823 3508 Διομέδων
846 3434 945 3503 αὐτοῖς
969 3436 1039 3502 ναῦς
1067 3453 1161 3510 τινας,
1185 3429 1293 3494 ὁπότε
1316 3451 1372 3495 ποι

123 3542 246 3610 πλέοιεν
270 3548 485 3614 κατέλειπον
515 3557 669 3632 φνλαιιαο.
705 3548 871 3615 Sententia
893 3548 981 3614 ὁπότε
1005 3572 1052 3614 ποι
1075 3548 1188 3614 πλέοιεν
1213 3545 1312 3626 facil,
1336 3553 1373 3616 ut

122 3665 201 3732 nodo
231 3667 470 3755 imperfectum,
504 3667 693 3750 carituros,
725 3669 871 3754 quadret
917 3668 944 3733 B
975 3674 1008 3734 et
1037 3667 1180 3734 nonnulli
1212 3665 1267 3732 alii
1297 3665 1372 3731 libri

114 3786 272 3862 perverse:
296 3788 463 3854 κατέλιπον.
486 3787 579 3856 Valla
602 3789 765 3874 vulgatam
787 3787 905 3865 tradit3
933 3785 1075 3869 „Quibus
1090 3786 1179 3853 Leon
1195 3792 1229 3852 et
1245 3785 1371 3852 Diome-

121 3897 187 3986 don,
210 3906 336 3990 quoties
358 3906 466 3992 aliquo
490 3907 701 3994 navigabant,
725 3906 811 3975 soliti
835 3910 928 3991 erant
950 3903 1090 3990 aliquid,
1121 3902 1248 3970 navium
1265 3906 1371 3970 cusio-

121 4015 258 4090 diendum
281 4024 491 4111 relinquerc”.

153 4139 174 4231 ξ
197 4142 225 4209 6.
248 4142 340 4229 Vulg.
364 4142 557 4225 περιεγένοντο
578 4146 609 4211 οἱ
632 4149 688 4210 τῶν
711 4144 834 4223 Σαμίων
856 4143 1030 4214 πλείονες.
1055 4140 1169 4217 Recte,
1196 4139 1220 4203 ci
1239 4140 1369 4211 πλείονες

116 4255 199 4328 iidem
233 4269 325 4344 sunt,
361 4264 416 4348 qui
445 4263 536 4330 initio
565 4263 762 4350 paragraphi
792 4283 870 4330 voce
900 4265 998 4334 αὐτοῖς
1027 4259 1227 4336 indicantur,
1259 4257 1292 4324 id
1321 4263 1371 4325 est

116 4382 243 4467 populus
275 4381 400 4450 Samius
428 4380 482 4472 (ci.
506 4380 530 4472 ξ
553 4384 573 4448 3
597 4389 655 4455 τοῖς
686 4382 714 4447 δὲ
736 4383 864 4448 πλείοσιν
886 4381 1014 4463 ὥρμηντο
1036 4380 1236 4465 ἐπιτίθεσθαι).
1271 4376 1369 4446 Valla
