3000 4920
718 319 763 386 45

143 535 242 620 qnod,
263 544 297 605 ut
318 539 450 614 Stnhlins
472 549 707 631 animadvortit,
727 557 799 642 jure
822 558 929 625 omisit
952 559 1121 626 molestum
1145 560 1194 623 sal
1219 556 1261 625 ab
1278 556 1380 624 edito-

139 652 224 722 ribus
244 659 381 728 omnibus
402 663 491 732 obelo
515 674 665 738 notatum.

178 770 202 862 h
225 775 250 840 3·
280 775 366 864 vlllg.
395 783 426 847 τθ
455 784 483 851 δὲ
513 788 681 869 πραξοθντων
711 796 743 858 εἰι
772 801 823 860 τοῦ
850 796 957 868 εθνιθτοι
979 794 999 860 ἃ
1025 796 1194 874 βοολθμεθα
1217 794 1320 860 σοῦσθε
1346 819 1379 858 τε

138 894 298 968 Ιθθθθ*θ>ἳνοιι
323 899 369 962 καὶ
392 911 428 984 τῇ
450 905 529 990 ποθσρ
555 912 674 992 Σωιελθμ
697 915 881 998 καρποομένρ
905 916 954 981 καὶ
979 916 1044 994 πρὶν
1069 916 1231 997 ἐλευθερίαν
1254 914 1380 991 βοβαιο·

141 1007 221 1087 τθραν
239 1017 415 1095 παραδοῦναι.
438 1023 474 1089 In
496 1024 576 1095 libro
598 1029 626 1095 B
648 1030 805 1099 invenitur
824 1035 862 1098 τθ
882 1035 916 1098 δὲ
935 1033 1144 1110 πραξάντων
1165 1035 1259 1110 ἡμῶν
1276 1032 1381 1118 quod,

138 1127 346 1218 obliquisque
376 1157 413 1203 ex
441 1140 721 1229 interpretamento
752 1158 864 1217 natum
895 1173 967 1219 esse
998 1151 1171 1229 concedat,
1207 1149 1382 1217 Classenus

102 1268 105 1273 ·
136 1253 256 1330 praeter
285 1255 497 1324 necessitatem
525 1264 653 1348 recepit.
698 1266 742 1331 Τθ
775 1265 805 1330 δὲ
835 1265 1008 1348 πραξάντων
1038 1269 1124 1335 enim
1148 1268 1319 1353 quominus
1343 1268 1383 1333 de

137 1362 366 1439 Atheniensibus
399 1376 608 1464 accipiemus,
643 1383 773 1449 obstant
806 1385 978 1468 sequentis
1007 1387 1109 1452 τούσδε
1140 1411 1173 1451 τε
1204 1390 1380 1461 κολασθῆναι

136 1483 180 1547 “i
202 1494 237 1560 fi
257 1488 335 1573 ποθσρ
357 1497 474 1577 Σικελθρι
598 1501 757 1583 ἐλευθερίαν
771 1503 968 1581 βεβαιοτέραν
983 1505 1171 1582 παραδοῦναι.
1208 1505 1384 1572 Praeterea

137 1601 162 1666 ei
184 1602 222 1670 de
243 1604 480 1681 Atheniensibus
502 1617 573 1699 quis
596 1619 738 1706 intellegi
754 1642 849 1707 posse
864 1627 957 1706 putet
972 1623 1006 1687 πθ
1022 1623 1051 1688 δὲ
1067 1622 1251 1703 πραξάντων,
1267 1643 1382 1688 moneo

133 1739 187 1802 pro
217 1722 249 1787 τὸ
277 1725 304 1789 n
334 1748 411 1812 opus
441 1731 538 1799 inisse
569 1734 721 1803 adverbio
751 1736 847 1821 quale
875 1744 925 1804 est
946 1744 1042 1811 κακῶς
1067 1747 1100 1806 et
1123 1761 1182 1824 pro
1205 1739 1339 1805 relativo
1363 1739 1384 1805 ῦ

132 1838 340 1923 conjunch'one
361 1849 405 1920 ῦς.
429 1849 524 1918 Vella
546 1853 638 1920 nobis
661 1854 741 1920 nihil
757 1854 950 1939 opituletur:
969 1852 1024 1934 „Si
1040 1875 1115 1922 rere
1130 1854 1165 1920 id
1180 1853 1384 1921 fecerimus”.

171 1954 248 2025 Ibid.
269 1959 358 2048 Vulg.
380 1964 403 2030 oi
425 1966 462 2032 θον
583 1974 754 2054 ὠφελοῦσιν,
779 1984 801 2037 Β
825 1976 975 2054 ὠφελῶσιν

171 2191 271 2280 eaput
292 2199 335 2264 69
366 2203 440 2283 §2
471 2203 559 2290 Vulg.
590 2207 654 2287 θρῦν
682 2202 735 2280 οἶος
759 2209 773 2272 θ
797 2206 919 2278 ιοθνθννος
943 2205 993 2270 καὶ
1017 2207 1054 2278 ὥς
1078 2207 1172 2283 ἐγγὺς
1198 2206 1248 2281 ἤδη
1273 2201 1322 2278 ἦν.
1357 2205 1384 2271 Β

133 2309 286 2382 desideret
307 2313 349 2406 b,
373 2322 457 2403 quod
482 2325 659 2391 sententiae
682 2325 745 2390 vim
767 2325 940 2409 infringere
963 2323 1095 2389 videtur.
1127 2323 1253 2389 Dixeris
1271 2324 1337 2389 iere
1353 2331 1387 2390 et

132 2427 249 2498 Vellem
272 2437 413 2505 omisisse
436 2440 642 2508 vocabulum:
670 2442 774 2525 „quod
799 2446 944 2507 cerneret
966 2441 1062 2523 quale
1085 2440 1263 2524 periculum
1282 2447 1385 2526 esset,

132 2567 281 2638 quemque
303 2558 468 2625 vicinum’'.

166 2665 239 2758 §3.
272 2672 364 2760 Vulg.
396 2678 445 2742 καὶ
470 2679 482 2742 θ
506 2680 560 2756 μὲν
590 2682 648 2758 οὐχ
670 2679 759 2741 θκανθο
781 2683 898 2752 μᾶλλον
923 2675 981 2739 καὶ
1003 2675 1159 2751 enarrata
1176 2677 1296 2751 νομίσας
1329 2698 1386 2738 πα-

130 2791 257 2865 mistus.
304 2792 330 2856 B
366 2795 458 2860 unice
493 2816 599 2862 ueram
635 2794 803 2860 lectionem
834 2790 964 2857 exhibet
993 2790 1042 2855 καὶ
1079 2791 1092 2854 θ
1123 2793 1177 2868 μὲν
1209 2794 1267 2871 οὐχ
1298 2792 1385 2855 ἱκανοὶ

130 2907 233 2976 μᾶλλον
264 2915 280 2986 ἢ
312 2913 467 2990 ἀναγκαῖα
499 2916 619 2991 νομίσας
645 2911 840 2992 παρρνῆσθαι,
864 2907 949 2990 quod
974 2907 1071 2972 etiem
1094 2907 1253 2990 expressit
1276 2906 1386 2972 Vella:

134 3042 207 3100 „non
229 3033 295 3094 tem
320 3029 512 3096 sufficientia
536 3049 633 3113 quem
656 3025 838 3092 necessarie
863 3023 898 3088 e'e
920 3024 1087 3106 loquutum
1111 3021 1228 3088 ratus.’'

165 3147 183 3224 ξ
212 3147 242 3211 4.
278 3147 368 3214 Libri
402 3168 572 3233 perperam
608 3144 774 3228 appellant
807 3141 937 3204 tertium
972 3137 1085 3203 ducem
1117 3138 1266 3217 Εὔδημος
1294 3136 1386 3203 Veti-

128 3277 216 3328 eenus
239 3264 326 3331 solus
351 3272 458 3331 autem
481 3269 568 3330 reete
591 3261 689 3326 habet
712 3257 895 3335 Εὐθύδημος,
917 3255 1003 3338 qnod
1027 3260 1136 3320 tuetur
1159 3252 1261 3319 Valle.

163 3377 242 3445 Ibid.
259 3381 350 3467 Vulg.
375 3383 559 3458 Δημοσθένης
584 3378 633 3442 καὶ
655 3374 816 3453 Μένανδρος
840 3372 889 3435 καὶ
912 3370 1077 3447 Εὐθύδημος
1096 3419 1104 3436 .
1119 3421 1126 3434 .
1141 3420 1148 3435 .
1164 3420 1171 3436 .
1188 3369 1310 3449 ἄραντες
1326 3370 1386 3434 airh

81 3476 84 3499 ¹
124 3500 167 3558 τοῦ
188 3498 298 3564 ἑαυτῶν
321 3497 519 3579 στρατοπέδου
544 3494 624 3564 εὐθὺς
648 3494 751 3556 ἔπλεον
775 3488 843 3566 πρὸς
866 3487 899 3550 τθ
921 3486 1041 3565 ζεῦγμα
1064 3493 1114 3550 τοῦ
1138 3486 1252 3561 λιμένος
1272 3486 1322 3552 καὶ
1337 3488 1387 3551 τθν

88 3600 90 3604 ’
122 3618 357 3697 παραλειφθέντα
388 3616 539 3680 διέκπλουν
569 3608 738 3686 βουλόμενοι
776 3603 938 3680 βιάσασθαι
970 3604 998 3673 ἐς
1030 3603 1063 3665 τθ
1094 3601 1158 3678 ἔξω.
1197 3602 1224 3668 Β
1256 3609 1386 3688 praeter

117 3735 359 3816 καταλειφθέντα
390 3733 470 3814 legit
494 3728 590 3793 etiam
615 3720 865 3803 παραλειφθέντα.
913 3717 998 3783 Satis
1021 3719 1190 3783 intricatus
1214 3727 1264 3784 eet
1285 3720 1385 3786 loeus.

116 3847 237 3916 Olim
224 3874 295 3936 Jam
328 3852 442 3932 Poppo
474 3840 633 3908 dubitavit
619 3839 703 3902 tde
734 3834 918 3899 sinceritate
950 3833 1118 3898 verborum
1146 3834 1195 3897 sai
1220 3837 1269 3898 τθν
1291 3859 1385 3900 καπα-

111 3970 275 4050 ιιιιφιέιιρ
307 3968 349 4032 λιι
523 3976 583 4020 use
768 3951 1046 4031 interpretamenti
1070 3949 1111 4014 sd
1135 3970 1244 4016 vocem
1266 3952 1387 4031 ζεῦγμα

108 4093 202 4153 certo
227 4086 331 4153 certi„
178 3970 545 4279 εἱιι.
576 3972 655 4136 ὃ
831 4063 871 4129 de
893 4063 981 4130 hisce
1004 4066 1117 4130 eodem
1139 4066 1234 4133 modo
1250 4071 1386 4155 cogitat,

827 4183 859 4243 ta
878 4179 1044 4244 retinenda
1060 4200 1132 4245 esee
1148 4187 1255 4264 putet,
1272 4183 1386 4251 saltem

827 4293 936 4360 tillud
959 4296 1087 4362 arridet.
1121 4299 1256 4365 Textum
1279 4310 1388 4368 eutem
