3000 4920
729 292 771 358 21

115 545 187 600 esse
213 533 289 617 quis
312 539 362 599 est
385 531 442 617 qui
463 533 579 617 neget?
617 530 710 609 Quod
733 530 760 597 si
783 528 870 616 apud
894 551 952 596 uos
976 533 1120 616 constat,
1144 527 1231 596 haud
1255 519 1384 595 difficile

111 657 159 717 est
181 650 376 729 decernere,
398 654 505 717 utrum
528 651 596 731 κοιί,
621 651 707 734 quod
731 650 765 715 in
787 647 860 715 Vat.
884 648 1059 728 invenitur,
1081 648 1253 732 genuinum
1277 647 1319 714 sit
1342 667 1385 712 au
1466 726 1491 741 1,

111 768 240 836 falsum.
289 768 373 848 Quid
405 769 488 835 enim
518 790 636 836 causae
667 773 795 835 exstare
825 771 949 853 potest,
981 788 1038 833 cur
1065 767 1114 832 κοιὶ
1139 767 1172 832 in
1195 768 1220 832 εἰ
1242 768 1285 846 μὴ
1308 765 1385 831 πολὺ
1482 778 1486 785 ·

112 891 286 969 ἐκρατοῦντο
317 887 496 955 addidisset
525 893 656 967 auctor,
679 887 713 952 in
735 888 759 952 st
782 887 825 964 μὴ
849 886 926 951 πολὺ
950 885 1176 951 introeuntem
1200 884 1384 951 omisisset?

114 1007 195 1085 Quin
211 1007 288 1084 imo,
304 1008 367 1091 κοί,
386 1027 456 1073 cum
471 1005 616 1074 vocabuli
631 1007 708 1071 πολὺ
725 1007 787 1071 vim
803 1010 929 1091 augeat,
945 1005 1113 1090 perturbat
1128 1004 1328 1072 sententiam.
1343 1042 1385 1054 -

112 1126 248 1215 Restat,
271 1131 309 1194 ut
331 1125 371 1192 de
394 1127 497 1194 altera
519 1127 609 1195 varia
631 1125 785 1210 lectione,
810 1121 852 1191 ὅτι
875 1127 906 1190 οὐ
930 1147 990 1210 pro
1013 1127 1037 1190 ri
1059 1126 1123 1204 μή,
1149 1145 1293 1211 agamus.
1335 1123 1385 1190 Ex

113 1245 166 1332 iis,
205 1266 292 1331 quae
326 1248 540 1332 praecedunt,
572 1247 641 1333 jam
680 1247 788 1314 statim
824 1251 966 1313 statuere
1002 1266 1171 1330 possumus
1204 1243 1385 1312 sonantius

114 1370 310 1433 structuram
333 1365 481 1452 flagitare
503 1368 527 1431 rt
549 1366 603 1444 μή.
640 1366 772 1433 Accedit
794 1373 832 1434 ut
855 1366 1016 1456 sententia
1039 1366 1081 1433 sit
1103 1364 1261 1450 generalis
1278 1367 1310 1430 et
1325 1360 1385 1428 Go-

115 1483 308 1552 riuthiorum
324 1492 422 1572 atque
437 1486 679 1553 Atheniensium
694 1486 835 1553 indolem
851 1490 957 1553 notet:
982 1484 1153 1567 Corinthii,
1173 1483 1218 1549 rei
1235 1481 1385 1548 nauticae

115 1603 346 1690 imperitiores,
374 1605 409 1670 in
438 1605 561 1690 proelio
595 1604 702 1672 nauali
733 1626 767 1671 se
798 1605 910 1672 vicisse
942 1602 1118 1689 putabant,
1149 1602 1176 1669 si
1202 1622 1266 1667 nou
1289 1600 1386 1685 plane

77 1722 81 1793 l
117 1724 187 1790 victi
202 1729 328 1803 essent;
344 1724 556 1792 Athenienses
572 1729 699 1811 autem,
715 1726 771 1810 qui
788 1745 914 1810 semper
930 1723 1059 1791 navium
1075 1744 1136 1790 usu
1152 1720 1384 1795 excelluerunt,

119 1843 215 1909 victos
239 1863 275 1909 se
297 1842 542 1931 existimabant,
572 1844 634 1910 nisi
657 1844 859 1911 adversarios
883 1865 958 1911 suos
982 1843 1182 1910 devicissent.
1228 1839 1386 1924 Loquitur

119 1961 213 2047 igitur
241 1962 379 2049 scriptor
407 1985 472 2030 non
502 1965 597 2032 modo
628 1953 668 2032 de
701 1964 938 2033 corinthiorum
961 1969 994 2031 et
1015 1962 1274 2041 Atheniensium,
1298 1958 1385 2044 quod

124 2080 161 2147 a'd
198 2081 354 2167 proelium
391 2103 504 2154 recens
542 2085 659 2150 attinet
693 2082 830 2164 iactum,
870 2084 1049 2151 animorum
1083 2080 1215 2160 habitu,
1252 2077 1308 2146 sed
1345 2078 1385 2144 de

123 2200 283 2283 utriusque
312 2200 424 2286 populi
446 2202 572 2268 ratione
596 2203 759 2288 cogitandi
781 2202 814 2268 in
838 2203 1029 2269 universum.
1075 2200 1144 2278 Quo
1168 2199 1263 2265 modo
1286 2197 1386 2283 igitur

125 2321 228 2399 potest
250 2316 411 2401 quadrare
433 2316 476 2384 ὅτι
500 2322 547 2398 οὐ,
571 2318 611 2385 de
633 2319 756 2404 proelio
778 2341 881 2406 nuper
903 2319 991 2386 facto
1014 2316 1281 2403 intellegendum,
1313 2336 1386 2381 cum

128 2436 148 2498 εἰ
169 2437 210 2511 μὴ
231 2435 281 2501 rai
303 2438 379 2503 orout
402 2437 588 2525 ἕκροὶτονντο,
613 2438 729 2524 quibus
753 2439 991 2506 Corinthiorum
1014 2436 1138 2504 indoles
1162 2433 1386 2520 significatur?

130 2553 264 2640 Utroque
293 2557 365 2624 loco
395 2562 452 2624 aut
481 2559 505 2622 εἱ
535 2560 577 2636 μὲν
608 2563 665 2625 aut
693 2556 735 2624 ὅτι
769 2561 800 2624 οὐ
824 2558 1027 2624 scribendum
1050 2563 1110 2626 est.
1155 2557 1176 2623 J
1179 2577 1230 2622 am
1254 2555 1384 2641 saepius

131 2672 188 2739 dixi
208 2673 323 2741 librum
345 2675 372 2741 B
394 2676 500 2744 varias
523 2678 699 2762 permultas
721 2677 876 2745 lectiones
900 2676 1016 2744 debere
1040 2675 1230 2755 correctori,
1254 2674 1327 2760 qui,
1351 2679 1387 2741 ut

132 2795 274 2863 sermonis
296 2796 489 2882 elegantiam
512 2802 662 2882 augeret,
686 2802 809 2864 textum
832 2797 981 2877 mutavit3
1008 2796 1054 2862 sic
1076 2799 1155 2880 puto
1171 2791 1214 2859 ὅτι
1230 2795 1261 2859 οὐ
1279 2813 1385 2859 emen-

133 2909 233 2981 datum
253 2935 339 2997 esse,
362 2936 402 2983 ne
425 2916 449 2981 εἰ
473 2917 515 2994 μὲν
538 2916 617 2984 satis
640 2915 729 2983 brevi
752 2916 922 2983 intervallo
945 2915 996 2983 bis
1018 2916 1188 3000 legeretur.

171 3150 268 3238 caput
301 3154 344 3220 36
378 3150 402 3243 ξ
438 3154 469 3218 2.
504 3151 596 3238 Vulg.
630 3154 666 3226 ὡς
701 3153 734 3217 ἐκ
768 3160 820 3227 τῆς
856 3151 994 3233 προτέρας
1030 3153 1204 3233 vacuaque
1239 3176 1267 3217 τι
1297 3152 1385 3217 πλέον

136 3273 252 3340 ἐνεῖδον
280 3276 459 3357 σχήσοντες,
494 3286 516 3339 Β
552 3270 635 3341 εἶδον.
681 3272 776 3340 Valla
806 3293 924 3358 graeca
954 3293 1018 3339 non
1048 3271 1222 3354 intellexit,
1250 3293 1313 3357 quo
1337 3276 1387 3338 est

136 3389 259 3480 lactum,
290 3397 328 3459 ut
356 3391 620 3478 interpretatione
650 3390 718 3458 eius
751 3390 831 3456 nihil
861 3389 1067 3475 proficiamus
1090 3389 1152 3457 nisi
1175 3411 1247 3457 eum
1269 3390 1386 3475 legisse

137 3530 229 3578 rerum
258 3512 377 3577 ἐνεῖδονε
413 3510 657 3593 „Instruxeruut
687 3514 795 3576 autem
826 3515 903 3576 tuno
931 3517 965 3577 et
986 3509 1121 3589 alteram
1146 3510 1280 3577 classem
1303 3515 1386 3577 tam-

138 3647 220 3711 quam
242 3630 440 3716 superaturi,
466 3628 553 3715 quod
575 3649 593 3695 e
616 3628 780 3712 superiore
796 3649 905 3713 pugna
919 3627 993 3712 plus
1010 3627 1130 3712 aliquid
1145 3626 1387 3713 inspexissent'.

171 3746 193 3839 ξ
220 3751 249 3817 3.
282 3749 374 3836 Vulg.
405 3749 585 3830 ἀντιπρώροις
616 3748 675 3829 γὰρ
705 3755 773 3822 ταῖς
803 3748 949 3827 ἐμβολαῖς
980 3747 1121 3829 χρώμενοι
1152 3746 1316 3829 σξνσιρριὶξειν
1345 3749 1386 3813 τοὶ

136 3868 262 3949 σρώριιθεν
284 3874 399 3946 αὐτοῖς,
425 3870 569 3950 crepiturn
585 3867 634 3932 uui
651 3869 766 3950 ποιχέσι
782 3869 851 3951 πρὸς
869 3874 954 3934 κοῖλοι
969 3869 1020 3934 aul
1035 3870 1140 3944 σἰσθεννῖ
1155 3868 1385 3950 παρέχοντες

135 3992 182 4060 τοῖς
211 3986 364 4067 ἐμβόλοις,
396 3999 419 4052 Β
449 3988 595 4061 νοσέοντες.
640 3985 749 4053 Valla:
785 3987 859 4070 „qui
891 3986 1033 4055 adversis
1064 3986 1169 4073 proris
1203 3987 1386 4070 eisdemque

133 4107 239 4174 wratis
261 4107 535 4188 incurrentes,
558 4105 736 4176 diffracturi
759 4113 852 4175 erant
875 4108 939 4175 suis
957 4108 1074 4176 crassis
1090 4129 1128 4175 ao
1145 4106 1256 4176 solidis
1272 4108 1385 4175 rostris

130 4244 237 4294 tecuae
260 4225 501 4294 Atheniensium
523 4232 556 4293 et
578 4225 737 4314 fragiles''.
785 4225 882 4294 Valla
902 4228 1024 4313 maj0re
1047 4247 1123 4294 usus
1147 4233 1197 4294 est
1215 4227 1383 4314 libertate,

127 4365 216 4433 quam
239 4350 277 4414 ut
299 4365 357 4414 uos
380 4345 420 4413 de
444 4345 603 4433 scriptura
626 4346 760 4413 edocere
784 4347 896 4432 possit.
942 4348 1096 4416 Fortasse
1119 4347 1282 4432 Kruegero
1307 4345 1385 4416 dau·
