3000 4920
714 343 758 408 43

110 577 289 657 ἀτοράξντε.
327 578 445 646 Verum
469 578 659 663 scripturam
683 579 823 646 restituit
844 581 889 665 B,
915 579 970 664 qui
992 600 1051 663 pro
1066 577 1146 656 ἄξιον
1167 580 1247 664 legit
1261 579 1368 660 οὶξνοῦν,

113 697 225 780 pariter
255 703 351 782 atque
383 696 495 764 Valla:
531 717 629 780 quum
659 698 749 763 navis
780 697 813 762 in
836 717 948 763 nerem
970 697 1155 781 impegerit,
1191 717 1256 764 non
1279 697 1370 782 prius

119 834 165 880 ees
185 815 423 882 dirimendos
454 820 596 899 putere
618 835 716 899 quam
740 820 897 899 armatos,
929 814 985 899 qui
1006 835 1066 899 pro
1090 814 1237 882 tabulato
1260 815 1371 882 hostili

123 935 211 1017 stent,
234 931 463 1000 detruseritis''.

160 1055 177 1132 ξ
198 1051 225 1117 3.
247 1050 340 1136 Vulg.
363 1051 391 1125 ἔς
415 1077 448 1117 τε
471 1050 504 1116 τὸ
526 1051 651 1135 φοβερὸν
673 1059 732 1124 τοῖς
756 1051 887 1127 ὑπηκόοις
910 1053 961 1117 κοοὶ
985 1053 1023 1116 τὸ
1047 1050 1268 1135 οὶδοκεῑτθκν,
1296 1051 1372 1116 πολὺ

130 1176 207 1235 τλεῑον
235 1171 393 1251 μετείχετε
424 1171 489 1254 (τῆς
512 1171 608 1250 ἀρχῆς
632 1177 684 1244 τῆς
708 1168 882 1255 ἡμετέροις),
914 1181 937 1234 Β
960 1167 1018 1233 κοοὶ
1041 1169 1079 1234 τὸ
1101 1171 1148 1244 μὴ
1169 1168 1372 1234 attrectetur

132 1291 210 1364 reete,
233 1286 320 1371 quod
343 1294 376 1354 et
398 1285 493 1354 Vallo
515 1285 625 1354 docet:
658 1292 713 1370 „ut
733 1307 808 1380 oum
830 1286 947 1353 terrori
962 1286 1074 1353 essetis
1090 1284 1228 1353 subditis
1243 1288 1373 1367 vestris,

137 1409 293 1482 „tunneto
316 1405 358 1503 ob
381 1405 453 1472 eliis
476 1405 562 1473 laedi
584 1405 770 1489 nequiretis.

166 1525 226 1605 §h
256 1524 349 1610 Vulg.
379 1523 511 1611 δείξατε,
545 1522 588 1590 ὅτι
612 1526 662 1590 κκὶ
685 1523 755 1602 μετ’
779 1523 928 1597 ἀσθενείας
953 1524 1002 1589 κοοὶ
1026 1522 1180 1606 ξυμφορῶν
1203 1525 1220 1599 ἧ
1246 1525 1373 1605 ὑμετέραν

136 1641 252 1719 ἐπιστήμη
282 1645 417 1725 κρείσσων
447 1644 525 1710 ἐστὶν
555 1644 654 1724 ἑτέροις
675 1643 856 1724 εὐτυχούσης
878 1644 984 1724 ῥώμης.
1019 1642 1143 1727 Injuria
1164 1642 1192 1708 B
1216 1642 1274 1707 rai
1299 1650 1375 1728 post

93 1776 95 1861 ἐ
137 1756 166 1822 in
183 1763 317 1828 omittere
339 1783 379 1828 ex
402 1761 498 1828 Velis
521 1783 649 1846 quoque
672 1766 826 1847 apparet:
854 1760 1097 1843 „ostenditeque
1120 1767 1259 1828 vestrum
1282 1763 1368 1846 peri·

93 1868 95 1949 ἔ
138 1877 194 1944 tien
219 1881 331 1948 etism
362 1883 597 1966 aegrotantium
627 1888 726 1966 etque
757 1879 949 1948 afflictorum
980 1880 1171 1948 antecellere
1195 1881 1300 1948 alieno
1324 1904 1375 1951 ro·

139 1991 188 2060 hori
205 1997 299 2082 sqq.”.

170 2231 258 2319 Caput
281 2235 325 2300 64
348 2240 368 2318 ὅ
393 2238 422 2301 1.
455 2234 547 2321 Vulg.
578 2237 655 2308 Τοὺς
678 2236 703 2300 δ’
725 2237 889 2312 Ἀθηναίους
917 2239 1011 2313 ἡμῶν
1040 2235 1132 2303 τοὶλον
1154 2233 1193 2302 αὖ
1215 2239 1277 2304 κτέ.
1302 2259 1374 2324 per·

141 2367 236 2438 perun,
266 2373 371 2438 neque
401 2354 429 2420 B
461 2352 604 2421 scribens
636 2358 654 2432 ἡ
686 2355 763 2431 ὑμῶν
791 2376 898 2422 reram
928 2354 1028 2422 refert
1057 2355 1228 2423 lectionem
1252 2358 1330 2435 ὑμῶν
1354 2381 1375 2426 a

142 2463 210 2536 hh
228 2492 428 2558 expressam:
467 2473 610 2559 „Rursus
632 2473 672 2540 iis
694 2474 751 2559 qui
773 2475 856 2541 inter
879 2496 945 2541 vos
969 2476 1180 2543 Athenienses
1204 2475 1306 2543 sunt'.

170 2585 232 2657 hid.
255 2589 349 2676 Vulg.
372 2593 438 2665 τοὺς
461 2594 523 2657 ἐκεῖ
542 2593 711 2665 ὑπολοίπους
736 2596 845 2672 ἡμῶν,
869 2594 897 2657 Β
921 2592 1004 2660 male
1027 2596 1127 2672 ὑμῶν.
1150 2593 1243 2685 Valle
1266 2603 1372 2665 reete:

145 2713 258 2780 „nostros
281 2709 334 2776 hio
348 2711 391 2796 (t)
414 2710 573 2777 relictos’'.

171 2827 229 2905 Η.
252 2827 345 2914 Vulg.
368 2831 531 2905 ἐνθυμεῖσθε
553 2832 618 2895 καθ’
641 2828 780 2903 ἑκάστους
804 2855 842 2894 τε
864 2828 915 2894 καὶ
938 2827 1110 2907 ξύμτκντες
1130 2836 1277 2917 praestat
1290 2832 1374 2901 libro

140 2937 204 3009 Biu
230 2967 294 3032 quo
325 2945 417 3014 obest
447 2948 480 3012 τε
510 2969 531 3015 a
560 2947 654 3015 Vallo
684 2969 748 3014 non
771 2948 966 3034 neglectum:
999 2970 1175 3029 „memores
1197 2956 1235 3017 et
1258 2951 1374 3037 singuli

140 3049 161 3124 et
176 3063 331 3132 universi’.

166 3179 232 3249 lbid.
254 3182 346 3269 ang.
369 3184 402 3249 τὸ
424 3185 508 3262 otyor
530 3184 620 3263 ὄνομα
642 3192 698 3251 τῶν
713 3187 882 3272 Ἀθηνῶν,
905 3192 1007 3273 reete,
1032 3193 1069 3253 ut
1085 3187 1198 3255 Vallo:
1222 3208 1372 3273 magnum

136 3315 225 3367 nonen
244 3303 454 3372 Athenarum.
490 3316 512 3369 Β
537 3303 703 3382 Ἀθηναίων.

159 3535 321 3624 caputet
344 3545 365 3624 ξ
388 3542 417 3607 2.
440 3539 531 3627 Vulg.
561 3543 610 3607 κοοὶ
641 3543 738 3618 ἐπειδὴ
767 3543 891 3608 πάντα
921 3544 1050 3621 ἑτοῖμοι
1076 3539 1123 3624 ἦν,
1156 3557 1179 3610 Β
1203 3544 1252 3609 κκὶ
1276 3545 1373 3619 ἐπειδὴ

124 3654 235 3735 ἑτοῖμοι
264 3659 386 3724 oratura
421 3654 468 3738 ἦν,
501 3681 595 3744 quem
625 3660 794 3727 verborum
817 3661 962 3728 ordinem
985 3662 1083 3729 etiam
1106 3662 1235 3729 exhibet
1258 3661 1369 3729 Velle:

119 3774 219 3856 „Quae
241 3782 414 3862 postquam
436 3783 633 3864 praeparato
656 3785 730 3846 sunt
753 3776 890 3848 omnia'’.

153 4014 258 4101 caput
281 4017 324 4082 66
348 4021 368 4099 ξ
391 4018 422 4082 2.
447 4016 539 4103 Vulg.
570 4018 663 4083 ἕποντ’
687 4019 727 4095 εἰ,
751 4031 773 4084 Β
797 4019 901 4084 ἕποντο
925 4019 950 4084 δ’
973 4021 1007 4084 εἰ.
1033 4018 1169 4086 Difficile
1193 4019 1279 4085 diotu
1306 4026 1371 4099 est,

107 4141 182 4203 utro
202 4134 297 4203 leotio
321 4141 473 4220 praestet,
511 4136 605 4204 Velle
628 4137 707 4203 nihil
730 4139 832 4205 docet.

150 4252 234 4320 Ibid„
266 4253 305 4320 In
335 4253 386 4319 κκὶ
409 4254 504 4335 ἀρχὴν
534 4256 586 4331 τὴν
608 4255 669 4331 ἤδη
692 4255 838 4333 μεγίστην
864 4276 929 4321 non
952 4254 1047 4322 focile
1070 4256 1189 4323 dixeris
1213 4256 1372 4341 quomodo

103 4375 147 4443 sit
177 4372 404 4458 explicandum
435 4373 497 4450 ἤδη.
543 4373 715 4442 Gloseenus
746 4395 787 4442 ex
816 4374 1024 4460 sequentibus
1053 4375 1109 4448 τοὶς
1131 4376 1185 4455 μὲν
1207 4377 1373 4453 νενικήκατε

1240 4494 1273 4544 4*
