3000 4920
729 309 750 374 3

77 602 79 611 .
111 548 193 635 „ipso
226 550 343 616 itinere
377 549 476 635 degas
510 548 690 618 Siculorum
724 570 848 616 murum
883 543 1119 632 expugnasset’
1158 561 1242 625 quae
1276 536 1375 604 verba

77 644 80 725 ἶ
110 670 230 754 proprie
266 670 354 756 apud
390 670 517 739 Vallem
551 672 680 741 audisse
715 671 880 741 contendit
914 671 1043 756 Poppo,
1078 687 1129 734 me
1164 663 1273 751 judice
1308 679 1374 727 non

112 789 199 874 plane
222 795 313 858 certa
335 811 522 859 asseverans
546 791 602 876 (cf.
626 790 732 859 Praei.
756 813 788 876 p.
810 792 862 876 Β),
883 791 936 871 „in
949 790 1021 875 ipso
1038 788 1177 856 transitu
1194 786 1375 854 Siculorum

116 908 217 994 „aega
246 914 281 975 et
309 929 401 975 muro
424 908 635 995 expugnato.''
685 911 862 994 Utcumque
886 914 993 975 autem
1017 908 1100 974 haec
1122 927 1174 973 res
1198 925 1233 973 ee
1256 902 1376 988 habet,

113 1048 196 1096 verae
224 1049 341 1096 manus
374 1030 508 1116 vestigia
537 1030 572 1096 in
603 1030 717 1097 Vallae
748 1030 892 1098 versione
916 1032 1042 1096 servata
1066 1030 1159 1104 sunt;
1183 1023 1373 1093 vocabulum

115 1147 188 1214 enim
214 1147 333 1224 Ἴεπνι,
366 1149 450 1233 quod
481 1149 550 1217 sine
580 1150 677 1216 dubio
708 1155 758 1217 est
787 1148 1037 1226 restituendum,
1062 1145 1089 1212 si
1112 1164 1300 1229 expressum
1323 1148 1376 1209 est

116 1267 203 1335 ibris
225 1267 431 1354 majusculis,
455 1271 609 1348 ἸΕΤΑΣ,
633 1290 748 1355 parum
772 1269 934 1354 discrepat
958 1267 999 1334 ab
1014 1266 1150 1332 ἼΒΓΑΣ
1167 1263 1215 1331 vel
1231 1272 1374 1329 ΓΕΓΑΣ.

151 1385 229 1454 Ibid.
266 1387 360 1474 Vulg.
395 1389 564 1472 οΞΦιιινεῒπινι
595 1389 630 1462 ἕο
661 1390 717 1464 τὰς
748 1387 935 1474 Ἐπιπολιέι,
971 1387 1102 1468 Βπρος
1125 1384 1212 1469 quod
1235 1382 1375 1451 fortasse

119 1513 258 1594 praestat
305 1508 416 1576 Valla:
443 1509 627 1590 „contendit
650 1509 692 1576 ad
716 1507 903 1594 Epipolas.'’

153 1626 222 1718 §4
257 1627 350 1713 Vulg.
385 1627 499 1709 ἔτυχε
635 1629 738 1707 ἐλθὼν,
772 1641 793 1693 Β
820 1628 1012 1709 ἕπύγχνννε
1136 1625 1222 1691 ἐλθὼν
1245 1644 1310 1689 non
1336 1643 1376 1689 ex

121 1746 297 1834 Thucydidis
321 1768 382 1814 usu
405 1746 535 1813 dictum
580 1747 675 1814 Valla
698 1746 778 1814 nihil
800 1768 859 1815 nos
882 1747 975 1815 docet
990 1765 1095 1830 neque
1111 1745 1214 1812 tribue
1231 1743 1372 1809 eiusdem

122 1867 303 1952 paragraphi
332 1866 413 1934 locis
444 1866 516 1934 aliis
547 1865 601 1933 ubi
624 1887 684 1951 pro
707 1869 788 1934 κοντοὶ
811 1871 896 1933 τοῦτο
919 1872 1016 1948 καιροῦ
1040 1877 1062 1931 Β
1085 1864 1163 1948 legit
1185 1862 1267 1929 κοντοὶ
1290 1866 1375 1927 reiro

125 1991 162 2050 roi
183 1993 277 2065 νιπιροῦ
303 1985 452 2072 (rectius)
475 1992 509 2053 et
530 2009 590 2072 pro
614 1987 828 2053 ε’νιεπεπὲλεσπο
952 1985 1050 2051 κοντοὶ
1072 1984 1178 2066 βραχύ
1202 2008 1230 2048 τι
1253 1982 1376 2049 variam

126 2102 274 2172 lectionem
292 2103 381 2171 haud
396 2105 612 2172 necessariam
628 2105 757 2174 exhibet
772 2106 999 2172 ιὶπεπεπέοεσπι
1018 2153 1083 2170 ....
1100 2105 1199 2186 παρὰ
1214 2101 1320 2183 βραχύ
1335 2125 1373 2167 πι.

160 2341 257 2428 Caput
282 2343 304 2408 3
335 2347 355 2425 ξ
381 2343 409 2406 1.
440 2340 533 2427 Vulg.
557 2342 666 2423 κήρνκο
690 2342 898 2437 προπέμπει
922 2344 1021 2415 νιύποῖς
1044 2341 1186 2419 λέγοντο,
1227 2353 1378 2421 Βπροσ·

129 2485 257 2539 πεμπει.
314 2463 408 2531 Valla
445 2463 513 2546 „Ad
544 2484 625 2550 quos
757 2465 1003 2532 caduceatorem
1034 2460 1240 2551 praemittit.''
1297 2461 1377 2529 Oum

131 2581 283 2662 προπέμπειν
317 2589 385 2651 tum
421 2584 621 2666 προσπέμπειν
654 2585 688 2651 in
718 2585 797 2652 loeis
828 2585 932 2670 qualis
967 2591 1017 2652 est
1047 2591 1156 2652 noster
1178 2605 1199 2650 a
1223 2583 1377 2667 scriptore

130 2711 307 2792 usurpantur
325 2706 361 2792 ¹).
407 2705 490 2786 Quin
513 2706 610 2774 etiam
632 2706 685 2773 hio
707 2707 889 2788 προπέμπειν
912 2703 1145 2790 significantius
1169 2702 1289 2770 dictum
1306 2723 1377 2769 esse
1463 2680 1466 2685 ’

131 2827 205 2905 puto:
219 2823 377 2911 Gylippus
392 2824 495 2910 primo
507 2825 648 2911 legatum
659 2846 732 2892 cum
744 2826 905 2893 mandatis
918 2824 1096 2911 praemittit
1110 2823 1151 2890 ad
1163 2823 1378 2891 Athenienses

131 2941 166 3005 eei
186 2945 262 3021 μετὰ
285 2949 369 3011 τοῦτο
391 2945 705 3028 οὶνπιποιρεοιιεοοέζονπο
728 2945 869 3022 ἀλλήλοις
891 2947 928 3018 ὡς
951 2947 980 3018 ἐς
1003 2942 1110 3024 μοέχνν
1136 2939 1174 3033 (ξ
1198 2943 1243 3024 2).
1270 2978 1273 2985 ,
1371 2988 1380 2997 -
1458 2984 1463 2993 ·

163 3059 237 3128 Ibid.
259 3061 352 3147 Vulg.
376 3062 479 3140 ἐξιόνιιι
498 3067 535 3131 εἰι
551 3074 604 3140 πῆς
620 3065 775 3150 Σικελίας,
793 3077 815 3131 Β
831 3064 1102 3150 praepositionem
1117 3063 1260 3131 omitttit.
1284 3062 1379 3131 Valla

136 3177 244 3257 „sicilia
281 3183 467 3251 discedere''
506 3185 670 3251 desiderat
706 3185 740 3251 in
778 3185 924 3253 versione
957 3187 1009 3262 ἐκ,
1045 3183 1132 3269 quod
1155 3184 1194 3250 de
1217 3183 1378 3250 industria
1463 3204 1466 3209 ·

102 3390 106 3396 Ι
134 3294 231 3366 iactum
266 3301 308 3368 sit
341 3308 479 3387 oportet.
525 3302 611 3368 Alibi
642 3303 727 3368 enim
756 3301 791 3368 in
821 3302 900 3369 lucie
930 3302 1074 3388 gemellis
1104 3301 1377 3387 praepositionem

135 3420 270 3502 expressit
283 3421 321 3505 2).
360 3419 431 3487 Etsi
463 3420 561 3507 igitur
594 3420 697 3506 magis
729 3419 919 3488 adducimur
949 3426 985 3487 ut
1013 3421 1177 3507 vulgatam
1208 3426 1376 3506 praestare

137 3535 297 3624 credamus,
324 3543 452 3620 tamen,
474 3540 551 3625 quia
573 3539 669 3607 Valla
691 3541 837 3608 consulto
860 3542 893 3606 bo
916 3539 1073 3625 neglexit,
1096 3541 1132 3606 in
1153 3546 1305 3625 promptu
1329 3544 1378 3606 est

138 3657 228 3735 putare
252 3656 439 3741 scriptorem
462 3677 596 3725 revera
619 3657 767 3726 Vaticani
791 3658 918 3726 dedisse
940 3658 1121 3725 lectionem.

77 3813 78 3823 ι
170 3770 234 3864 §a
255 3776 348 3862 Vulg.
379 3777 514 3861 ἡσύχαζε
544 3779 612 3861 πρὸς
642 3782 683 3861 τῷ
713 3782 846 3846 ἑαυτοῦ
877 3780 990 3861 τείχει,
1020 3791 1042 3845 Β
1074 3781 1220 3846 ἑιινπῶν.
1266 3778 1379 3847 Valla:

77 4169 79 4207 t

77 4287 80 4327 Ι

77 4408 79 4446 t

142 3893 260 3975 „quietos
290 3897 380 3981 (suos
403 3893 527 3981 Nicias)
555 3894 615 3962 sub
639 3917 731 3963 muro
754 3902 932 3965 castrorum
955 3896 1082 3963 tenuit''
1105 3917 1291 3982 pronomem
1315 3919 1380 3964 non

140 4008 258 4080 uddone.
305 4011 447 4080 Verbum
482 4015 642 4098 ἡσυχάζειν
679 4016 706 4082 si
743 4037 852 4083 sumas
887 4022 1053 4101 neutrum,
1093 4015 1296 4082 scribendum
1323 4022 1381 4103 ‘est

164 4305 186 4371 ι)
200 4309 232 4362 cr.
248 4311 274 4375 ι,
292 4311 336 4377 au,
354 4311 378 4364 1.
395 4310 428 4376 a,
446 4311 489 4376 ιν,
507 4311 531 4363 e.
548 4313 577 4376 e,
595 4311 640 4377 ss,
660 4312 685 4364 ι.
702 4312 732 4376 ι,
751 4311 811 4376 ιιι,
829 4311 853 4362 ι.

164 4400 211 4464 ιιι
239 4407 315 4472 rius,
333 4407 357 4459 1.
375 4407 403 4474 ι,
422 4406 462 4472 su,
480 4407 504 4459 ι.
521 4408 550 4473 ι,
568 4407 611 4472 ιν,
630 4408 654 4459 ι.
672 4409 733 4474 ιιι,
751 4409 775 4460 ι.
792 4408 821 4475 o,
839 4408 885 4473 eo,
903 4407 928 4461 a.
