3000 4920
660 321 725 405 1οο

59 565 180 665 Peppo.
228 574 339 665 Neque
361 584 470 646 tamen
493 600 566 645 eum
589 578 616 643 B
641 575 844 644 scribendum
867 581 918 642 est
939 574 1164 658 ἕξοιγυριῶοκι,
1189 574 1274 658 quod
1295 567 1329 638 in

60 699 164 766 Attico
188 719 335 765 sermone
357 718 423 765 non
448 697 618 764 invenitur.
656 695 767 762 Velle:
795 694 964 776 „simodo
992 693 1039 760 eis
1062 691 1237 760 confideret
1252 745 1259 760 .
1276 744 1283 760 .
1298 739 1328 757 ..

61 838 93 884 se
207 816 400 883 venumdare
424 823 530 884 torum
553 812 677 883 suum''.

103 1057 211 1142 Caput
241 1056 295 1125 82.
327 1057 422 1142 Vulg.
453 1058 477 1122 oi
508 1056 533 1122 δ’
557 1056 779 1128 οὶκούοοικτες
811 1059 920 1119 τοῦτο.
968 1050 1078 1119 Valla:
1120 1050 1231 1138 „Haeo

10 1209 12 1220 ι
66 1175 255 1260 simulatque
279 1175 440 1245 audiere”.
474 1176 685 1249 Βοὲκούουτες.
708 1174 764 1261 (cf.
789 1174 850 1255 75,
875 1175 920 1261 1).
1160 1264 1162 1270 Α

10 1314 13 1355 ι
106 1295 185 1362 Ibid.
215 1293 307 1382 Vulg.
338 1296 435 1361 κοιτοὶ
457 1295 496 1362 τὸ
520 1297 651 1363 αὐτίκα
677 1321 769 1372 ....;
793 1307 815 1359 Β
839 1294 898 1360 διὰ
919 1292 958 1357 το
980 1292 1132 1377 absim
1156 1294 1329 1373 utrumque

10 1432 14 1472 ι
68 1433 133 1479 eum
167 1413 243 1480 viris
278 1414 382 1481 doctis
417 1414 580 1500 plerisque
615 1415 697 1482 duco
733 1414 909 1499 glossema,
946 1415 1051 1479 ortum
1083 1430 1101 1476 e
1133 1406 1253 1475 scholio
1289 1407 1332 1474 ad

10 1550 14 1591 ῑ
67 1553 169 1600 vocem
192 1532 377 1610 ἦλλοὶξοιυτοῑ
403 1534 548 1610 ὦκήοοιυτο
571 1534 618 1599 ue
641 1535 674 1599 τὸ
698 1533 817 1598 atrine.
854 1529 965 1597 Valla:
993 1528 1121 1614 „parati
1144 1527 1242 1594 etiam
1264 1526 1333 1611 jam

67 1655 129 1717 tum
242 1652 434 1738 contemptis
546 1652 693 1720 hostibus
717 1652 869 1737 navigare
891 1650 926 1715 in
948 1634 1125 1715 Piraeum’'.

10 1772 15 1823 T·
105 1769 185 1838 Ibid.
209 1770 301 1858 Vulg.
324 1779 429 1839 πλεῖν
452 1798 491 1838 τε
514 1771 562 1837 ἐπὶ
587 1772 635 1837 τὸν
655 1774 788 1853 Πειροιιῖο.
813 1769 991 1837 Breotius:
1016 1768 1077 1833 nai
1102 1773 1215 1832 κλεῖν.
1239 1763 1335 1832 Valla

10 1906 14 1928 ²
66 1890 144 1958 nihil
168 1911 228 1958 uos
251 1892 354 1960 docet.
400 1890 523 1959 Stellio
547 1913 619 1959 eum
642 1916 676 1957 τε
700 1898 768 1958 tum
791 1891 842 1955 xe!
865 1887 1002 1955 eiicienti
1025 1908 1089 1954 non
1112 1885 1281 1953 assentior.

106 2009 185 2100 §Z
218 2011 308 2096 Vulg.
342 2011 440 2088 ἐπειδὴ
474 2012 524 2077 uel
559 2013 726 2093 στρατηγὸς
762 2009 873 2093 ᾕρητο.
916 2010 1031 2088 Recle3
1066 2008 1112 2075 sio
1147 2013 1180 2073 et
1217 2005 1331 2074 Valla:

62 2129 347 2216 „quandoquidem
377 2130 448 2214 ipse
476 2130 618 2197 deiectus
641 2136 726 2197 esset
747 2127 953 2213 imperater’'.
988 2126 1015 2191 B
1039 2126 1179 2194 soloeee:
1205 2123 1333 2207 εἴρητιιι,

10 2236 12 2243 ’
58 2251 161 2338 paulo
184 2256 293 2319 autem
314 2256 389 2337 pest
413 2249 523 2333 ᾕρηται.

110 2490 220 2574 Caput
245 2488 288 2556 83
314 2487 338 2579 ξ
364 2492 393 2555 1.
429 2487 523 2574 Vulg.
558 2491 620 2565 τὴν
653 2489 884 2566 Ἀλκιβιάδου
919 2487 1080 2566 κάθοδοι,
1120 2498 1142 2550 Β
1177 2488 1239 2561 τὴν
1273 2490 1334 2551 τοῦ

56 2608 303 2688 Ἀλκιβιάδου
327 2610 483 2675 κοὶθοδου.

106 2728 183 2812 53.
220 2727 310 2812 Vulg.
343 2727 392 2793 κοι)
416 2725 618 2804 ξυνιοτοὶμευοι
650 2726 733 2808 πρὸς
758 2727 958 2810 οὶλλὴλουςς
982 2738 1005 2791 Β
1029 2728 1107 2790 κοτ’
1129 2724 1331 2800 ἀλλήλους,

55 2845 152 2932 quod
185 2852 350 2932 praestare
385 2844 511 2911 videtur
518 2869 527 2923 3
563 2843 730 2933 ξυυιοτιέυοι
766 2845 834 2926 πρὸς
869 2845 1058 2930 plerumque
1093 2848 1268 2928 usurpatur
1301 2841 1335 2907 in

55 2963 196 3032 notione
221 2963 416 3049 adjungendi
441 2984 475 3030 se
497 2963 593 3029 alicui
615 2963 719 3048 parti,
742 2967 779 3028 ut
802 2961 896 3030 docet
918 2962 1040 3046 Poppo.
1064 2960 1118 3048 (ef.
1135 2960 1182 3040 ΙΙ,
1210 2959 1270 3043 88,
1290 2959 1334 3044 1).

54 3061 175 3150 Velle:
201 3082 335 3166 „Itaque
358 3081 443 3148 inter
467 3101 501 3147 se
524 3080 640 3147 milites
664 3080 746 3148 alius
770 3081 812 3147 ad
835 3080 933 3147 alium
957 3077 1208 3147 convenientss”.

107 3198 190 3268 Ibid.
213 3198 307 3284 vulg.
339 3199 446 3265 Libri:
478 3199 527 3265 κοιὶ
552 3197 752 3277 ξυιιοτοέμουοι
776 3202 825 3264 uei
849 3200 996 3275 ἀλλήλους
1112 3197 1135 3263 οἱ
1157 3202 1333 3278 οτοοοοιῶτυι

58 3317 264 3401 ἀνελογίζοντο
299 3320 350 3384 κου’
380 3343 454 3392 τινες
485 3319 535 3385 κοοὶ
566 3325 621 3383 τῶν
651 3317 751 3384 ἄλλων
773 3324 828 3384 τῶν
859 3317 1018 3395 ἀξιολόγου
1045 3315 1194 3397 ἀνθρώπων
1218 3316 1276 3380 καὶ
1297 3316 1335 3381 οὐ

57 3440 171 3520 μόνου
200 3437 240 3504 τὸ
273 3437 551 3520 στρατιωτικόν.
598 3438 661 3506 Pro
692 3437 874 3524 Kruegero,
907 3437 962 3521 qui
992 3436 1116 3521 primus
1146 3434 1336 3502 inanissime

57 3557 162 3628 verba
183 3559 232 3624 κοιὶ
258 3560 290 3624 οὐ
314 3556 398 3637 μοίου
421 3557 454 3622 τὸ
477 3557 680 3638 οτροιτιιιτικου
702 3556 893 3642 proscripsit
907 3554 987 3622 facit
1001 3553 1114 3641 Valle,
1138 3555 1225 3640 apud
1241 3575 1337 3640 quem

60 3677 169 3747 nostii
201 3678 400 3746 emblematis
429 3699 489 3745 nee
519 3678 591 3745 vols
614 3698 673 3744 nee
696 3677 862 3762 vestigium
885 3676 1061 3762 reperitur:
1094 3676 1229 3764 „Itaque
1252 3677 1337 3743 inter

48 3820 102 3866 ⁴se
126 3798 243 3866 milites
267 3798 350 3867 elius
374 3800 416 3867 ed
439 3799 538 3866 elium
561 3799 784 3867 convenientes
802 3798 1155 3882 ....eonspireverunt
1167 3799 1209 3883 (t)
1233 3795 1337 3864 etalii

63 3915 199 4002 quidam
222 3916 429 3984 authoritatis
453 3914 627 3985 homines''.
781 3997 783 4002 ,

110 4033 192 4104 Ibid.
224 4034 318 4122 Vulg.
354 4035 370 4111 ἢ
405 4035 661 4123 διυυοιυμιιχήοει,
697 4040 793 4102 recte.
827 4033 935 4118 Btttqs
957 4033 1157 4115 υιιυμκχῆοει.
1192 4030 1336 4112 Vullam,

63 4157 123 4242 qui
155 4157 213 4242 ee
243 4177 308 4224 non
331 4156 504 4243 expressit,
539 4158 702 4243 vulgatam
726 4162 804 4242 puto
827 4154 966 4225 referre:
994 4156 1075 4237 „nisi
1097 4155 1169 4241 quis
1193 4174 1248 4222 ees
1279 4160 1338 4221 eut

64 4278 99 4344 in
123 4276 280 4362 praelium
304 4276 463 4346 duceret’.

109 4392 192 4464 Ibid.
215 4394 307 4484 Vulg.
330 4394 389 4465 tte
409 4398 517 4481 τροφὴν
540 4395 614 4477 ἕξει,
641 4400 737 4465 recte.
762 4396 789 4463 B
812 4393 879 4476 ἕξοι.
904 4393 999 4465 Valla
1025 4393 1129 4480 „unde
1146 4391 1337 4463 alerentur’t

1204 4509 1236 4561 Β*
