3000 4920
670 332 713 398 89

95 558 179 635 Ibid.
211 568 303 654 Vulg.
334 568 375 634 ἔτι
408 566 477 634 ὄντα
501 568 627 654 πόπε,Β
652 568 693 634 ἔτι
724 569 791 634 τότε
817 566 896 634 ὄντα.
930 567 1025 634 Valla
1050 568 1155 650 „circa
1178 556 1324 634 Miletum

52 689 161 754 adhuc
185 687 361 774 agentem’'.

97 805 180 872 Ibid.
202 806 293 891 Vulg.
316 806 366 871 καὶ
389 799 493 870 ποῖλλα
515 812 620 890 σαφῶς
645 806 816 889 ἐγγράψας.
844 818 866 871 Β
890 800 1015 872 ποῖλλα
1038 805 1167 873 πάντα.
1200 805 1325 872 addita-

52 931 162 993 mento
195 946 274 1009 opus
310 930 395 990 certe
430 944 495 990 non
529 930 588 992 est.
634 926 768 992 Praeter
801 946 858 1010 ea,
898 946 982 1009 quae
1012 927 1082 1010 jam
1113 921 1323 1010 Tissapherni

52 1044 203 1110 nuntiata
226 1065 246 1110 a
269 1042 449 1128 Phrynicho
473 1043 634 1122 novimus,
665 1045 767 1111 multa
791 1064 868 1111 eane
892 1043 1045 1110 alienon
1069 1049 1162 1110 erent
1185 1063 1324 1109 commu·

51 1162 212 1248 nicanda,
242 1168 280 1229 ut
301 1163 403 1229 πάντα
427 1163 479 1228 vix
502 1184 614 1230 sanum
638 1164 741 1248 possit
764 1182 843 1229 esee.
888 1161 1001 1229 Vella:
1026 1162 1125 1228 mittit
1148 1158 1323 1245 epistolas,

53 1282 89 1347 in
124 1279 240 1364 quibus
275 1302 347 1346 cum
379 1281 444 1347 alia
478 1280 664 1367 simpliciter
701 1279 882 1368 scribebat,
917 1286 985 1346 tum
1018 1299 1092 1346 vero
1123 1277 1321 1345 Alcibiadem

53 1401 183 1466 illorum
206 1402 334 1485 negotia
357 1398 590 1485 corrumpere''.

101 1518 181 1585 Ibid.
204 1518 296 1604 Vulg.
319 1521 421 1602 ἑαυτῷ.
446 1520 558 1587 Valla:
585 1519 699 1600 „sibi'’,
722 1523 818 1584 recte.
841 1531 863 1584 Β
887 1520 988 1584 αὐτῶν.

102 1637 127 1727 ξ
151 1640 182 1703 3.
206 1638 298 1724 Vulg.
322 1641 476 1704 ἀνελθὼν
499 1639 528 1704 δὲ
551 1641 620 1719 παρ’
644 1638 738 1704 αὐτόν.
774 1638 801 1703 Β
824 1657 996 1722 perperam
1010 1634 1161 1719 οὲπελνών;
1186 1632 1325 1700 abeundi

57 1756 150 1824 notio
173 1777 378 1841 nequaquam
402 1758 550 1841 quadrat.
596 1756 707 1823 Valla:
734 1775 898 1837 „reversus
922 1754 965 1821 ad
990 1751 1094 1819 eum''.
1366 1741 1368 1744 ⁴

103 1876 184 1943 Ibid.
212 1877 304 1962 Vulg.
332 1878 423 1945 Libri
446 1898 556 1944 omnes
579 1878 716 1955 γίγνεται
740 1878 863 1946 αὐτοῖς
886 1874 1014 1950 μηνυτής
1037 1871 1165 1957 legunt,
1190 1876 1323 1957 excepto

57 1997 127 2064 Pal.
151 2018 258 2064 veram
281 1998 472 2083 scripturam
496 1995 671 2082 praebente
695 1994 801 2075 αὐτός,
824 1999 861 2060 ut
883 1992 994 2061 Valla:
1022 1989 1137 2076 „ipsa”

104 2115 186 2182 lbid.
217 2116 310 2200 Vulg.
341 2116 493 2197 προσέθηκέ
525 2141 575 2202 τε,
606 2117 642 2188 αἰς
666 2113 804 2192 ἐλέγετο,
831 2111 878 2178 ἐπ’
903 2113 977 2186 ἰδίοις
1001 2112 1108 2193 κέρδεσι
1131 2110 1326 2195 Τισσαφέρνει

58 2234 163 2300 ἑαυτὸν
186 2234 236 2300 καὶ
260 2236 322 2315 περὶ
347 2235 454 2300 τούτων
477 2235 526 2300 καὶ
549 2234 612 2315 περ)
637 2239 692 2299 τῶν
716 2230 826 2299 ἄλλον.
864 2231 979 2299 luania
1000 2230 1106 2298 verba
1129 2231 1155 2295 B
1180 2230 1270 2297 addit
1292 2229 1327 2295 in

58 2351 125 2418 fine
163 2355 378 2434 κοινοῦσθαι,
416 2354 501 2437 quod
540 2359 673 2438 propter
711 2349 880 2418 καὶ-ἴαλλον
917 2350 1030 2418 abesae
1067 2351 1188 2434 nequit.
1234 2347 1329 2415 Valla

59 2491 189 2555 quoque
212 2475 314 2538 recte:
341 2470 456 2550 „index
477 2472 547 2556 ipse
570 2472 617 2537 rei
639 2470 745 2538 lactus
768 2477 801 2538 et
823 2473 871 2553 (ut
892 2469 1070 2555 ferebatur)
1094 2476 1163 2537 tum
1185 2468 1236 2535 hie
1258 2473 1328 2534 tum

60 2589 135 2656 aliis
157 2588 255 2657 rebue
279 2590 550 2656 communicandis
572 2589 781 2676 Tissapherni
803 2609 874 2657 sese
897 2587 1095 2675 applicans'’.

105 2688 191 2775 Ibid.*
214 2708 308 2793 Vulg.
332 2708 426 2790 διόπερ
449 2710 499 2775 καὶ
522 2709 584 2790 περὶ
608 2718 661 2785 τῆς
683 2711 859 2791 μισθοφοραῖς
886 2713 936 2775 οὐκ
959 2712 1089 2780 ἐντελοῦς
1115 2707 1198 2784 οὔσας
1221 2723 1327 2786 μαλα-

61 2829 188 2908 κωτέρας
223 2829 395 2904 delimare.
438 2828 465 2892 B
500 2827 617 2894 omittit
651 2828 725 2906 περί.
764 2827 909 2912 Utraque
942 2826 1104 2893 invenitur
1137 2827 1326 2896 contractio.

60 2947 171 3014 Valle:
196 2967 298 3030 eoque
320 2946 472 3013 libentiae
494 2945 618 3012 ferebat
639 2945 833 3030 stipendium
856 2966 920 3011 non
943 2965 1013 3012 esse
1037 2944 1261 3030 persolutum”.

106 3063 131 3155 ξ
155 3065 184 3132 5.
208 3065 302 3152 Vulg.
326 3065 375 3131 nai
401 3072 448 3132 νῦν
472 3064 529 3131 ὅτι
552 3063 616 3131 ὅλον
639 3064 671 3129 τὸ
694 3065 866 3144 στράτευμα
888 3065 1000 3141 ἑτοῖμος
1016 3062 1058 3140 εἴη
1071 3072 1328 3145 ...παρασχεῖν

60 3184 87 3250 Β
112 3182 233 3250 omittit
256 3181 316 3268 dre,
339 3183 458 3269 injuria
481 3189 606 3261 tamen,
639 3182 716 3268 quia
740 3183 900 3250 sententia
924 3187 1036 3250 nostra
1057 3204 1123 3250 non
1146 3184 1266 3269 pendet
1288 3204 1329 3250 ex

61 3302 270 3388 μεμφόμενος,
306 3302 362 3368 sed
393 3323 433 3367 ex
462 3302 633 3387 participio
664 3303 803 3386 quodam
834 3300 1120 3386 subintelligendo,
1153 3304 1248 3387 quale
1280 3308 1330 3370 est

62 3421 298 3503 ὑπισχνούμενος.
321 3419 362 3489 cl.
387 3419 486 3487 Closs.
522 3421 571 3486 Ex
592 3418 688 3488 Valla
710 3419 789 3486 nihil
812 3419 980 3487 definitur:
1007 3420 1217 3506 „insimulans
1238 3422 1328 3487 illum

63 3540 237 3625 superioris
268 3540 347 3607 facti
378 3539 466 3624 quod
496 3538 583 3607 hand
605 3540 706 3626 probe
729 3538 923 3626 occultaret,
954 3546 986 3607 et
1009 3560 1095 3606 nunc
1119 3561 1154 3606 ee
1177 3547 1328 3626 paratum

64 3679 132 3726 eoae
156 3658 284 3725 tradere
306 3657 371 3724 illie
491 3658 698 3739 exercitum'’,

107 3894 212 3980 Caput
234 3893 276 3961 51
300 3892 325 3984 ξ
350 3896 380 3964 1.
404 3894 499 3979 Vulg.
522 3901 623 3962 ταῦτα
645 3902 749 3979 σαφῶς
773 3895 957 3975 πεπυσμένος
981 3895 1023 3974 εἴη
1038 3900 1145 3973 recle,
1167 3902 1203 3963 ut
1218 3895 1328 3964 Valla:

68 4013 146 4093 „hoc
169 4035 229 4098 pro
253 4019 417 4099 comperto
440 4013 590 4084 habeat”.
626 4015 653 4080 B
677 4016 868 4094 πεπεισμένος
892 4014 945 4082 εἴ.

106 4130 131 4222 ξ
161 4135 192 4199 2.
229 4133 323 4218 Vulg.
354 4131 586 4214 ξανεμαρπύρνσε
617 4137 734 4210 μᾶλλον
764 4134 864 4200 ταῦτα
894 4135 1144 4213 ἀπαγγείλας.
1178 4133 1329 4200 Nonnulli

66 4249 136 4318 libri
159 4252 361 4338 ἕξαγγειλας;
385 4264 407 4317 Β
431 4251 624 4330 ἐσαγγεῖλαι.
664 4250 727 4318 Pro
751 4258 839 4318 certo
863 4252 940 4336 quid
964 4251 1126 4319 affirmare
1150 4252 1327 4331 nonlicet,

68 4368 148 4438 haud
171 4371 302 4457 illepide
327 4378 434 4439 tamen
457 4371 570 4457 Poppo
596 4378 761 4452 „nostrum
781 4371 815 4456 (i.
829 4391 857 4436 e.
874 4373 1086 4456 ἀπαγγείλας)
1103 4373 1241 4440 fortasse
1255 4372 1328 4439 ideo

1215 4489 1230 4538 7
