3000 4920
655 318 698 382 41

58 562 79 616 Β
99 555 254 635 irrisae,
279 554 366 640 quod
390 555 517 632 Vallam
540 556 682 621 arbitror
700 555 898 639 expressisse
913 574 990 620 voce
1008 551 1191 633 „cunctas”.
1214 553 1316 636 Prop-

51 674 137 738 terea
166 673 252 757 quod
283 673 380 738 dnoes
410 673 654 739 Atheniensium
686 673 783 739 duoes
813 692 925 738 omnes
955 691 1055 736 nares
1077 670 1143 735 οόαι
1168 667 1242 745 ἦσαν
1264 669 1315 734 καί

42 789 166 857 δυναταὶ
193 793 243 857 καί
266 793 466 873 ἆτλοιίτεραι,
496 793 532 856 in
554 794 662 859 animo
685 793 849 859 habebant
870 790 1023 876 implere,
1047 789 1210 874 vulgatam
1231 785 1316 854 libro

37 909 204 977 Vaticano
226 917 397 995 postpono.

90 1025 114 1117 ξ
136 1028 166 1094 5.
189 1027 282 1113 Vulg.
304 1029 318 1092 ὅ
339 1029 369 1092 δὲ
392 1028 499 1101 Νικίας
514 1075 524 1092 .
539 1029 674 1108 ...ὁρῶν
695 1028 841 1099 καὶτοὺς
863 1026 1046 1106 στρατιώτας
1068 1027 1110 1105 τῷ
1131 1049 1166 1090 τε
1182 1024 1266 1105 ταρὰ
1283 1023 1318 1088 τὸ

23 1147 137 1218 stater
160 1145 236 1210 πολὺ
258 1151 326 1216 ταῖς
349 1145 432 1209 ναυσί
455 1148 630 1225 κρατηθῆναι
651 1147 836 1223 &taurinae
861 1147 911 1210 καὶ
933 1145 982 1211 διδ
1003 1149 1056 1220 τὴν
1077 1150 1135 1210 τῶν
1150 1143 1316 1219 ἐπιτηδείων

23 1263 151 1328 σπιίνιν
173 1265 210 1334 ὥς
233 1262 370 1342 τοίχιστα
391 1262 583 1338 βουλομένους
607 1263 831 1348 διακινδυνεύειν,
854 1262 1047 1340 ξυγκαλέσας
1070 1261 1211 1334 ἅπαντας
1227 1285 1318 1341 ταρε-

26 1379 218 1445 κελειίσατο.
264 1378 291 1444 Β
321 1385 355 1445 et
384 1378 478 1445 Valla
509 1386 584 1446 ante
605 1381 680 1463 Ιτοὺς
710 1380 895 1461 στρατιώτας
925 1385 1038 1446 carent
1066 1378 1228 1464 particula
1248 1379 1302 1442 καί
1307 1426 1317 1455 ,

38 1518 150 1581 quam
181 1496 352 1564 Classenus
376 1497 463 1563 solus
485 1504 612 1564 tuetur:
648 1497 719 1564 Vnt
742 1498 801 1564 het
822 1502 871 1563 καὶ
896 1499 994 1565 nicht
1038 1498 1130 1564 Doch
1153 1498 1242 1564 halte
1264 1497 1319 1562 ich

45 1637 92 1683 es
106 1619 187 1703 jetzt
202 1617 261 1702 'fiir
283 1617 367 1683 wohl
389 1615 586 1701 begriindet,
611 1617 655 1683 da
676 1617 729 1683 die
750 1638 851 1704 ganne
874 1616 1129 1703 rorauigehende
1151 1616 1319 1701 Beretung

44 1755 112 1800 nur
145 1737 205 1800 mit
234 1735 297 1800 deu
329 1732 498 1820 Strategen
528 1736 593 1801 und
624 1734 824 1803 Taxiarchen
845 1735 996 1822 gehalten
1019 1735 1113 1802 rrar”.
1159 1733 1318 1819 Vulgatae

52 1854 210 1918 sententia
239 1853 321 1920 haec
354 1853 397 1919 sit
430 1874 562 1921 necesse
595 1861 665 1922 est:
701 1855 811 1922 Nicias
844 1854 955 1921 ridens
989 1876 1054 1921 non
1089 1854 1184 1920 modo
1219 1851 1317 1918 duces

59 1970 291 2039 Atheniensium
320 1971 378 2040 sed
400 1973 498 2038 etiam
521 1974 640 2041 milites
665 1973 787 2042 fractos
810 1995 895 2060 esse,
920 1995 1031 2040 omnes
1054 1979 1245 2040 convocatos
1268 1976 1319 2037 est

10 2070 12 2077 ¹
68 2086 254 2156 adhortatus.
284 2089 328 2154 At
348 2090 447 2156 duces
469 2089 590 2158 fractos
617 2091 718 2159 fuisse
741 2093 849 2158 animo
871 2113 937 2158 non
958 2091 1094 2176 legimns
1109 2091 1148 2175 1).
1179 2087 1243 2156 Sed
1265 2088 1318 2154 fac

70 2203 120 2272 hoc
138 2208 182 2274 ite
205 2229 295 2286 esse,
318 2209 397 2293 qnid
420 2209 520 2276 refert
542 2216 649 2276 utrum
673 2210 770 2277 duces
794 2212 936 2278 animum
953 2209 1182 2296 desponderint
1196 2211 1321 2274 necne?

10 2399 19 2414 ,.
81 2322 143 2391 llum
171 2334 266 2411 putes
296 2327 417 2394 Niciam
446 2350 511 2395 non
533 2328 746 2396 allocuturum
769 2329 869 2396 fuisse
893 2329 1125 2397 commilitones
1148 2350 1224 2396 suos
1247 2329 1275 2394 si
1296 2329 1321 2393 ol

10 2420 25 2534 Ἰ
80 2445 217 2522 στρατηγοί
256 2447 305 2510 καί
339 2447 364 2510 ol
397 2445 554 2527 ταξίαρχοι
588 2444 675 2512 bono
708 2445 845 2513 fuissent
879 2447 1009 2513 animo?
1043 2446 1087 2512 Et
1120 2467 1199 2513 sane
1229 2465 1322 2511 nemo

17 2542 27 2639 Δ,
82 2555 221 2628 mirabitur
258 2563 432 2628 exercitum
470 2563 578 2629 auimo
616 2561 773 2630 defecisse
810 2570 886 2649 post
919 2569 968 2630 tot
1000 2569 1174 2648 mnusque
1211 2563 1322 2629 clades

20 2649 28 2670 ί
84 2680 220 2761 ereptas!
256 2679 413 2758 Quocirca
443 2680 532 2746 nulla
561 2687 651 2748 extat
683 2701 783 2748 causa
805 2686 1059 2767 propterquam
1081 2682 1221 2765 scriptor
1245 2701 1323 2747 con·

85 2790 141 2862 tulto
159 2796 320 2864 addiderit
340 2796 453 2864 inutile
474 2799 537 2864 καί.

112 3028 208 3119 §aput
230 3036 272 3101 61
296 3032 321 3124 ξ
347 3039 374 3102 1.
406 3033 499 3122 Vulg.
530 3034 679 3114 ἑκιίστιις,
711 3036 889 3118 Βὲκιίστιρ,
919 3035 978 3102 sed
1006 3057 1066 3121 per
1092 3037 1322 3104 correctionem

83 3147 194 3228 ἑκάστοις.
794 3140 799 3144 ’

109 3387 202 3475 (laput
224 3393 269 3458 62
292 3396 313 3476 ξ
336 3393 367 3459 2.
397 3391 488 3459 Libri
519 3414 629 3461 omnes
652 3395 749 3462 etiam
772 3396 817 3461 B:
840 3394 890 3460 sal
918 3393 978 3474 ρδρ
1000 3393 1118 3472 τοξόται
1144 3394 1248 3460 πολλοὶ
1271 3401 1322 3458 καί

69 3506 218 3575 ἱκοντισταδ
252 3511 442 3590 ἕτιβιὶσοντιιι
474 3514 524 3578 καί
554 3511 664 3594 ὄχλος,
695 3507 717 3594 ᾧ
747 3514 923 3594 ναυμαχίαν
948 3513 1003 3590 μὲν
1029 3512 1188 3590 ποιούμενοι
1219 3514 1323 3576 ἕντι·

60 3757 111 3816 τῶν
139 3757 222 3839 νεῶν,
254 3753 335 3817 ἒνδὲ
358 3762 395 3834 τῇ
418 3754 514 3819 ἔνίιίδε
542 3754 751 3836 ἠναγκασμένη
772 3755 832 3819 atri
853 3758 911 3818 τῶν
932 3758 999 3817 νεῶν
1022 3751 1197 3833 πεζομαχία
1218 3749 1322 3832 τρίσ-

56 3879 144 3953 φιρα
167 3872 262 3937 ἔσται.
309 3870 468 3939 Stahlium
502 3874 530 3939 si
564 3873 739 3958 excipimus
770 3894 879 3940 omnes
911 3872 1051 3939 editores
1082 3890 1143 3956 pro
1173 3870 1338 3954 πρόσφορα.

54 3989 199 4058 scribunt
235 3990 396 4073 τρίσφορος
431 3999 580 4059 monente
614 3993 783 4060 (llassenoz
821 3992 890 4072 „nai
924 3989 1014 4071 ίχιιος
1049 3989 1132 4056 habe
1166 3989 1218 4055 ich
1250 4011 1322 4056 rom

54 4107 346 4194 Vorauigehenden
368 4111 469 4178 durch
492 4111 740 4197 Interpunhtion
763 4116 929 4197 getrennt3
964 4130 998 4175 es
1022 4109 1107 4176 steht
1128 4129 1212 4176 zuar
1239 4108 1322 4175 anch

83 4380 111 4447 1)
129 4379 166 4432 cl.
182 4393 205 4432 c.
222 4377 256 4431 60
272 4377 381 4431 initium
398 4379 431 4430 ad
448 4379 546 4431 ducum
564 4378 679 4430 abeundi
695 4378 811 4428 rationes
828 4376 1031 4443 cognoscendas.

1206 4468 1223 4518 d
