3000 4920
783 344 828 410 94

173 579 301 656 πολέμου
330 580 372 645 τα
402 583 550 662 χρήματα
580 583 776 665 Τισσαφέρνει
799 584 964 650 tuentum.
1000 582 1053 651 Sic
1076 588 1109 650 ot
1130 582 1241 650 Valla:
1267 603 1363 664 „eam
1387 603 1443 668 po·

173 701 299 768 cuniam
329 701 419 769 finito
443 702 526 770 bello
648 703 895 771 Lacedaemonii
1014 701 1228 788 Tissapherni
1249 700 1444 770 reddnnt0.''

172 822 199 886 B
224 825 299 888 anto
322 827 514 895 τελευτῶντες
535 822 631 888 inane
654 821 819 907 quoddam
840 822 960 888 κωλύειν
982 821 1081 889 addit.

216 938 241 1030 ξ
265 941 294 1007 7.
317 941 409 1008 Prius
433 941 462 1007 δὲ
483 941 603 1027 injuria
625 940 804 1026 neglectum
827 945 878 1008 est
899 941 934 1007 in
957 953 988 1006 Β.

217 1059 322 1145 Caput
345 1061 388 1126 59
411 1058 436 1148 ξ
462 1062 489 1127 1.
513 1060 606 1146 Vulg.
624 1053 661 1126 ἀἱ
683 1061 737 1139 μὲν
760 1059 882 1126 σπονδαὶ
906 1055 1016 1125 αύται
1040 1057 1188 1139 ἐγένοντο,
1210 1071 1232 1126 Β
1255 1065 1427 1127 τοιαῦται
1436 1111 1446 1142 ,

172 1181 257 1265 quod
293 1179 465 1246 Classenus
492 1181 564 1265 jure
594 1202 660 1247 non
691 1186 801 1248 censet
830 1179 1046 1265 recipiendum
1076 1184 1209 1265 propter
1240 1181 1445 1265 praecedens

171 1300 262 1365 racis
285 1300 327 1384 (c.
351 1300 405 1364 57.
431 1299 476 1385 2).
501 1297 643 1366 Stahlius
665 1299 778 1367 laudat
800 1320 827 1365 c.
848 1300 898 1378 19,
921 1296 945 1388 g
964 1300 991 1364 1.
1008 1297 1116 1365 Valla:
1144 1298 1225 1379 „hae
1242 1299 1446 1384 pectionos’'.

216 1417 297 1484 Ibid.
328 1417 419 1502 Vulg.
451 1417 500 1482 καὶ
523 1417 604 1495 μετὰ
626 1423 746 1483 ταῦτα
768 1416 1002 1499 παρεσκευάζετο
1024 1417 1239 1500 Τισσαφέρνης.
1274 1417 1447 1502 Bprono·

171 1559 244 1604 men
276 1537 320 1604 ed
350 1537 473 1602 cronia!
501 1535 643 1603 referens
675 1535 786 1602 scribit
816 1536 897 1613 μετα
921 1533 1047 1610 ταύτας.
1082 1535 1250 1606 Goellerus
1274 1539 1445 1624 vulgatam

171 1678 302 1724 servans
336 1655 450 1721 laudat
482 1676 508 1722 o.
541 1656 582 1721 19
614 1659 630 1731 ἧ
659 1680 713 1733 μεν
743 1654 910 1736 ξυμμαχία
933 1651 1008 1731 αύτν
1032 1656 1156 1734 ἐγένετο.
1181 1657 1261 1736 μετα
1284 1657 1314 1722 δὲ
1338 1663 1445 1724 ταῦτα

170 1776 231 1841 κτὲ.
255 1774 342 1840 Nihil
358 1774 437 1839 certi
452 1771 607 1839 efficimus
623 1794 663 1839 ex
679 1770 783 1856 Valle,
801 1772 856 1856 qui
872 1774 1047 1840 sententias
1062 1773 1194 1841 liberius
1209 1775 1295 1842 inter
1311 1796 1345 1842 se
1363 1797 1445 1842 con-

167 1895 290 1981 junxit:
328 1892 454 1977 „Atque
489 1891 551 1958 hae
585 1875 752 1976 pactiones
787 1892 887 1958 initae
916 1891 1063 1972 fuerunt,
1103 1898 1178 1979 post
1214 1914 1297 1979 quas
1331 1894 1445 1962 Tissa·

170 2013 463 2105 phernesoperam
486 2008 616 2077 dabat’'.

215 2128 296 2195 Ibid.
330 2128 421 2213 Vulg.
456 2129 505 2193 καὶ
540 2127 678 2205 ἐβούλετο
712 2127 1003 2211 παρασκευαζόμενος
1036 2126 1095 2213 νύν,
1123 2129 1207 2207 δῆλος
1227 2126 1308 2197 εἶναι.
1339 2130 1443 2199 Haud

169 2247 299 2332 illepide
330 2246 357 2310 B
388 2251 476 2323 μυῖαι
508 2245 646 2330 speciem
677 2244 857 2330 opitulandi
887 2246 1001 2312 saltem
1031 2267 1110 2330 prae
1133 2267 1167 2314 se
1190 2247 1275 2315 ferre
1298 2247 1443 2318 volebat.

172 2365 268 2433 Valla
296 2348 330 2431 in
360 2363 535 2431 minoribns
567 2363 729 2431 vocabulis
760 2385 825 2430 non
856 2364 1049 2443 audiendum
1081 2365 1151 2432 fieri
1181 2372 1288 2452 potest
1309 2372 1348 2433 ut
1371 2373 1444 2447 γοῦν

171 2485 323 2551 mendose
354 2483 484 2551 verterit
514 2504 573 2568 per
606 2481 759 2563 „otiam'':
794 2485 920 2564 „animo
951 2484 1049 2552 etiam
1079 2485 1265 2552 ostentandi
1294 2506 1329 2551 se

172 2601 366 2689 apparare”.

216 2721 323 2805 Caput
356 2720 408 2785 60.
445 2719 537 2802 Vulg.
572 2720 621 2784 καὶ
656 2718 804 2797 γενόμεναι
838 2719 900 2798 περὶ
935 2718 973 2783 τὸ
1008 2718 1151 2797 Τριύπιαν.
1188 2719 1216 2784 Β
1246 2719 1367 2786 omittit
1400 2721 1443 2789 τύ.

172 2838 282 2906 Valla:
310 2859 402 2921 „cum
426 2885 455 2904 ..
470 2885 500 2906 ..
526 2838 612 2904 omni
636 2837 833 2904 cumulasse
857 2837 944 2904 circa
966 2837 1129 2923 Triopium
1153 2837 1375 2923 navigarent’'.

216 2957 241 3048 ξ
265 2959 296 3024 3.
320 2956 414 3041 Vulg.
438 2957 485 3022 καὶ
510 2957 634 3023 clancula
655 2958 718 3028 ἔτας
741 2956 883 3022 ἐτελεύτα
904 2958 945 3038 τῷ
968 2957 1087 3037 πολέμῳ
1101 2957 1173 3038 τῷδε
1179 3006 1188 3036 ,
1203 2967 1244 3037 Β,
1264 2957 1305 3038 τῷ
1321 2957 1445 3038 πολέμῳ

174 3077 316 3144 ἐτελεύτα
346 3077 417 3157 τῷδε
444 3077 592 3143 usitatior
614 3076 709 3142 huius
731 3074 889 3143 formulae
912 3073 1081 3141 verborum
1105 3074 1192 3140 ordo.
1239 3073 1276 3139 V.
1302 3073 1445 3162 „Hyems

174 3195 255 3262 haec
279 3193 425 3261 confecta
447 3199 498 3260 est
520 3200 553 3260 et
574 3193 742 3260 vicesimus
764 3193 858 3260 huius
883 3191 958 3260 belli
981 3190 1112 3259 annus'’.

219 3433 326 3517 Caput
357 3433 398 3498 61
424 3437 444 3514 ξ
467 3432 496 3497 2.
521 3431 614 3516 Vulg.
637 3431 837 3516 παρεπέμφθη
958 3433 992 3504 ἐς
1014 3431 1308 3511 Ἑλλησπύνπυν,
1338 3446 1362 3499 Β
1386 3435 1443 3519 ἐφ’

174 3551 438 3625 Ἑλλησπόντου
461 3550 644 3616 accuratius
668 3571 754 3617 sane.
800 3551 850 3615 Ex
872 3549 967 3617 Valla
989 3549 1068 3615 nihil
1091 3548 1184 3616 nobis
1207 3555 1316 3634 potest
1339 3571 1445 3638 appe·

175 3692 263 3738 rere:
291 3670 430 3750 „missus
449 3675 501 3735 est
521 3668 555 3734 in
577 3668 853 3754 Hellespontum”.

222 3791 294 3874 §2
326 3788 419 3873 Vulg.
449 3787 479 3861 ὃς
509 3787 679 3854 Ἀντιτύένει
699 3787 846 3864 ἐπιβύτνς
868 3785 1060 3865 Ευνεξῆλύε
1082 3788 1260 3874 elegantius
1284 3794 1317 3856 ot
1339 3790 1444 3858 verius

176 3929 275 3994 quam
297 3906 417 3983 ξυνῆλθε
438 3906 513 3973 libri
535 3905 572 3971 B.
618 3905 725 3987 Valle,
749 3907 806 3991 qni
826 3905 923 3973 verba
947 3906 1124 3990 composita
1145 3907 1178 3973 in
1195 3907 1443 3992 praepositioni·

177 4025 237 4092 bus
276 4025 405 4108 saepius
439 4023 629 4089 incuriosius
664 4024 833 4091 tractavit:
871 4023 947 4106 „qui
981 4045 1052 4090 cnm
1086 4023 1275 4091 Antisthene
1310 4030 1444 4092 venerat

36 4148 43 4159 '
178 4141 341 4228 epibata''.

223 4259 304 4325 Ibid.
338 4258 430 4342 Vulg.
461 4263 530 4330 ναῦς
563 4257 710 4345 δώδεκα,
747 4279 841 4343 quem
865 4279 1032 4325 numerum
1055 4264 1088 4325 et
1110 4257 1205 4325 Valla
1226 4257 1326 4327 refert
1348 4260 1446 4345 idque

175 4379 265 4475 jure,
281 4382 318 4443 ut
333 4399 372 4443 ex
388 4377 535 4473 sequenti
551 4377 679 4444 navium
694 4376 935 4448 enumeratione
950 4376 1116 4448 discimus.
1139 4377 1166 4448 B
1182 4377 1336 4446 mendoso
1351 4379 1444 4448 δέκα.
